3978 5394
796 292 993 339 rezrmsrrr.
1552 278 1595 345 83

911 466 943 522 In
963 468 1082 523 Nomine
1101 467 1212 523 Domini
1232 468 1329 522 Arnen.

263 552 304 609 Ad
325 556 488 623 perpetuam
507 556 548 608 rei
569 556 737 609 meritoriam.
774 553 899 609 loannes
928 554 1079 626 Zaurovslri
1108 556 1142 611 de
1170 556 1319 613 Zamoseie
1345 555 1435 623 Regni
1462 557 1596 612 Poloniae.

262 640 413 711 Supremas
433 642 636 709 (lancellarius,
668 646 696 696 et
730 640 912 699 Exercituum
945 644 1102 713 Generalis,
1136 644 1294 712 cerrensis,
1328 644 1598 715 hamenburgensis,

263 729 458 799 Derpatensis,
495 729 718 801 Kapsavneusis
756 730 1026 802 hiredeprnpeeneis‚
1059 733 1258 801 GrodecensiS,
1289 732 1512 803 favoreviensis,
1544 738 1598 789 etc.

262 820 441 887 (limitaneus,
471 819 619 877 Universis
639 825 667 874 et
686 819 805 885 siugulis
826 816 942 887 querirm
971 824 1089 876 interest
1115 820 1255 887 significo.
1293 821 1360 878 Cum
1385 822 1550 878 immortalis
1571 825 1599 875 et

263 912 366 963 cuircta
385 910 509 976 regentis
539 909 592 965 Dei
615 909 763 977 beneficio,
794 915 822 964 ut
842 912 929 966 vitam
957 916 985 965 et
1003 909 1138 979 Spiritum
1157 913 1197 966 ita
1216 910 1344 966 fortunas
1364 925 1441 967 meas
1461 916 1597 979 acceptas

264 996 393 1065 referam,
412 999 440 1053 iu
459 1012 492 1052 eo
511 1013 590 1053 omne.
611 1014 700 1054 meum
720 999 843 1054 studium
862 1015 943 1069 pono,
968 1008 999 1055 ut
1025 1015 1068 1054 me
1095 1014 1163 1068 erga
1183 1000 1469 1056 beneficentissimam
1488 1000 1598 1057 Paren-

263 1092 319 1142 tom
338 1086 448 1143 DllllM
467 1087 565 1143 eadem
585 1087 866 1157 srrffragsnte,quam
885 1091 1076 1157 gratissimum
1095 1091 1253 1159 praebeam.
1292 1090 1358 1146 Cum
1376 1094 1470 1146 autem
1489 1096 1600 1157 gratum

264 1189 327 1229 esse
337 1189 406 1241 erga
418 1175 506 1231 Deum
517 1178 544 1230 ln
555 1192 587 1229 eo
598 1180 739 1245 cernatur,
758 1192 820 1232 curn
831 1180 1019 1233 meritissimis
1035 1178 1163 1234 laudibus
1175 1177 1253 1234 fliius
1273 1178 1491 1246 magnitudinem
1511 1178 1595 1234 nullis

264 1265 507 1335 circumscriptum
527 1268 653 1320 terminis
674 1265 850 1333 honoramus
874 1282 937 1322 curn
956 1266 1035 1323 Illius
1055 1267 1193 1323 culturam
1212 1281 1263 1337 per
1281 1282 1376 1321 omnes
1395 1272 1515 1336 aetates,
1548 1282 1599 1337 per

264 1366 358 1408 amires
378 1360 476 1422 gentes
497 1362 525 1408 et
543 1357 705 1424 provincias
725 1356 937 1425 propagandam
957 1358 1092 1426 cupimus,
1113 1362 1141 1410 et
1167 1371 1216 1424 pro
1242 1357 1316 1410 virili
1341 1357 1448 1413 Nostra
1467 1362 1547 1426 parte
1568 1362 1598 1411 nt

265 1450 470 1512 propagaretur
496 1457 610 1512 operam
629 1444 828 1514 damnavere
848 1444 876 1499 id
896 1447 1014 1500 maxime
1034 1448 1239 1513 consequimur,
1258 1460 1321 1500 curu
1341 1445 1460 1501 Davidls
1480 1448 1599 1515 piissimi

264 1531 466 1599 fortissimique
492 1531 579 1599 Regis
612 1531 805 1589 Hebraeorum
834 1534 970 1603 exemplo,
997 1534 1089 1591 Areae
1125 1534 1179 1590 Dei
1205 1534 1430 1590 'sabernaculum
1456 1538 1600 1601 conquiri-

266 1634 334 1687 mus,
365 1626 393 1675 et
411 1620 558 1677 Salomone
586 1621 647 1676 filio
667 1621 793 1689 ejusdem
812 1621 929 1677 authore
949 1624 1158 1692 sapientissimo
1186 1622 1304 1693 Templa
1323 1625 1519 1691 construimus,
1548 1623 1601 1680 Sa-

265 1709 425 1766 cerdotibus
444 1712 490 1776 qirl
504 1710 565 1765 dies
580 1716 732 1777 noctesque
752 1711 870 1766 Divinas
889 1711 988 1767 laudes
1008 1713 1167 1779 concinant,
1191 1711 1361 1767 Ductoribus
1381 1712 1426 1777 qui
1447 1711 1602 1766 eruditione

266 1799 470 1853 subcoelestis
503 1798 576 1866 legis
605 1804 760 1869 praecepta
787 1801 946 1869 explanent,
973 1803 1048 1856 vitae
1069 1801 1307 1857 immortalitatem
1333 1801 1412 1857 fluxu
1431 1801 1602 1857 mortalitate

265 1896 398 1961 corrupta
417 1892 606 1958 consequendi
626 1895 699 1948 viam
719 1897 945 1960 commonstrent
965 1894 1116 1962 postremis
1135 1892 1410 1961 Praelati8,quorum
1429 1892 1601 1948 authoritate

266 1981 358 2035 omnia
377 1987 457 2035 recte
478 1986 507 2035 et
526 1981 653 2036 ordinate
673 1980 753 2049 fietnt,
773 1983 813 2036 ita
833 1983 1003 2050 constitutis,
1031 1986 1060 2037 ut
1076 1981 1154 2049 justa
1173 1996 1266 2036 rerum
1288 1983 1370 2051 copia
1389 1981 1426 2037 ad
1445 1985 1531 2038 vitam
1550 1981 1602 2036 hu·

264 2067 386 2135 jusmodi
407 2072 573 2125 necessaria
590 2070 727 2137 agendum
747 2075 888 2139 suppetat,
908 2085 941 2124 ne
961 2072 1089 2136 quaesito
1117 2084 1186 2139 opus
1206 2069 1342 2125 habentes
1372 2085 1390 2125 a
1422 2075 1479 2125 tum
1498 2070 1601 2127 Divino

267 2162 294 2211 et
314 2158 430 2213 coelesti
451 2173 564 2213 munere
583 2159 767 2214 abducantur.
805 2157 866 2214 Hoc
886 2172 938 2225 ego
958 2164 1073 2214 secutus
1093 2157 1302 2215 aedificandum
1321 2160 1419 2214 curavi
1439 2161 1466 2213 in
1486 2162 1603 2214 civitate

267 2261 329 2303 mea
348 2247 596 2304 Novo-Zamoscie
616 2247 761 2318 Templum
792 2248 865 2314 quod
897 2247 1111 2304 llesurectlonis
1144 2248 1255 2304 Domini
1276 2250 1425 2304 memoriae
1454 2253 1483 2302 et
1507 2248 1603 2305 Testis

267 2335 330 2403 ejus
349 2336 414 2393 Divi
437 2335 561 2393 Tliomae
581 2337 711 2407 Apostoli
731 2337 834 2403 dicavi,
854 2344 881 2391 et
895 2336 1036 2392 Praelatis
1052 2338 1257 2403 canonicisque
1277 2352 1311 2392 ac
1332 2336 1456 2393 Vicariis
1471 2339 1600 2405 instruxi,

268 2430 351 2492 atque
371 2441 467 2481 eorum
487 2426 617 2482 facultati
638 2431 713 2482 vitae
732 2425 923 2482 traducendae
943 2439 1140 2494 munerumque
1160 2425 1420 2482 ecclesiasticorum
1441 2441 1491 2496 pro
1510 2426 1603 2493 digni-

268 2520 326 2570 tate
346 2515 535 2570 obeundorum
554 2530 650 2583 causa,
678 2518 706 2570 ln
725 2513 798 2570 hunc
816 2514 926 2570 modam
944 2518 1086 2586 prosperi.
1125 2515 1227 2571 Primo.
1258 2514 1391 2571 Decauus
1411 2516 1528 2583 Collegit
1548 2515 1603 2573 Ca·

268 2605 428 2660 nonlcorum
451 2605 523 2660 bona
548 2604 659 2661 Malene
679 2618 741 2658 cum
769 2603 843 2658 vlllis
870 2604 934 2660 aliis
963 2605 1089 2659 omnibus
1122 2618 1193 2670 quae
1214 2619 1246 2658 ee
1266 2606 1407 2674 pertinent
1437 2617 1602 2674 semperque

268 2695 462 2764 pertinuerunt
481 2692 604 2761 habebit,
630 2692 747 2748 fundata
773 2692 882 2758 quidem
910 2698 995 2749 antea
1016 2708 1066 2764 pro
1089 2692 1292 2764 Praepositum
1311 2694 1360 2747 sed
1380 2695 1408 2746 in
1427 2692 1603 2749 Decauatum

268 2788 446 2847 commutatam
472 2782 563 2837 eidem
581 2782 654 2838 addo
681 2783 791 2838 Lances
818 2782 887 2837 duos
914 2785 1061 2852 propinqui
1088 2782 1224 2851 praedioli
1252 2781 1373 2837 habendi
1392 2795 1489 2850 causa,
1515 2794 1602 2851 penes

268 2874 413 2928 civitatem
433 2887 533 2928 novam
552 2872 769 2928 Zamoscensem
793 2877 858 2928 aute
877 2878 986 2942 portam
1006 2886 1105 2928 versus
1125 2871 1277 2942 Leopolim.
1316 2871 1454 2929 Secundo.
1491 2870 1521 2927 ln
1541 2886 1604 2926 eum

269 2966 314 3029 qai
334 2961 445 3018 futurus
468 2968 513 3017 est
532 2963 642 3031 Custos,
673 2962 720 3029 jus
749 2976 829 3016 omne
852 2962 1018 3018 transfundo
1047 2962 1131 3017 villae
1149 2961 1315 3031 Branevka,
1343 2975 1426 3029 quam
1444 2961 1603 3018 advitalitlo

267 3051 331 3118 jure
351 3066 423 3108 nuuc
451 3052 578 3123 possidet
598 3052 759 3109 Generosos
783 3052 918 3109 Dominus
937 3052 1043 3109 Paulus
1064 3050 1270 3119 Trojanowski,
1303 3066 1356 3118 quo
1383 3054 1516 3121 extincto,
1543 3049 1605 3118 ejus

270 3142 478 3210 possessionem
497 3142 597 3198 Custos
618 3141 697 3197 adire
717 3140 837 3195 debebit.
875 3140 906 3196 ln
925 3144 1069 3211 praesenti
1100 3156 1165 3195 vero
1196 3139 1244 3208 jus
1277 3156 1367 3196 meum
1387 3140 1606 3196 haereditarium

271 3236 298 3283 et
317 3234 482 3300 perpetuum
501 3229 651 3286 Ecclesiae
682 3245 731 3300 pro
752 3229 873 3286 Custode
900 3229 993 3286 futuro
1014 3230 1114 3298 tribuo,
1147 3237 1175 3283 et
1207 3231 1234 3283 in
1265 3231 1356 3298 ipsam
1388 3230 1606 3299 perpetuitatem

270 3322 525 3391 proprietatemque
546 3321 781 3374 intromissionem
802 3318 935 3374 concedo.
973 3318 1052 3375 Dono
1072 3318 1172 3372 deinde
1193 3318 1265 3373 bona
1284 3317 1427 3374 Chmielek
1447 3332 1510 3372 cum
1530 3317 1606 3372 villis

270 3407 416 3466 Rukdwlva
434 3416 463 3463 et
483 3408 564 3465 Wola
585 3407 773 3473 Clrmielecka,
793 3420 864 3474 quae
884 3408 957 3463 bona
976 3422 1039 3462 cum
1058 3422 1109 3477 per
1127 3406 1180 3461 hoc
1201 3414 1310 3475 tempus
1329 3406 1404 3461 mille
1423 3406 1536 3461 florenis
1564 3406 1606 3460 le-

271 3506 378 3566 ceutur,
398 3512 431 3552 ex
452 3496 494 3551 bis
514 3496 682 3551 infuturum
702 3495 879 3553 Scholastica
899 3496 1035 3550 ducentos
1049 3509 1155 3550 annuos
1176 3495 1294 3549 florenos
1310 3497 1453 3566 perpetuis
1473 3496 1608 3563 tempori-

271 3588 323 3643 bus
340 3588 463 3654 asslgno.
502 3583 588 3652 Cujus
608 3587 662 3639 erit
682 3598 779 3639 munus
808 3583 991 3640 Academiam
1010 3586 1142 3652 invisere,
1173 3581 1324 3638 Rectorem
1343 3582 1506 3639 academiae
1524 3582 1606 3637 iden·

271 3676 356 3731 tidem
376 3674 626 3742 counnonefacere,
660 3681 690 3729 ut
722 3675 887 3741 meminerit,
915 3687 997 3739 quam
1025 3686 1174 3742 personam
1194 3673 1341 3738 sustineat,
1370 3671 1549 3727 academicos
1570 3671 1607 3728 ad

272 3771 349 3820 recte
369 3764 497 3820 obeunda
515 3764 609 3818 officia
628 3777 689 3831 sua,
717 3768 799 3832 prout
827 3764 897 3831 ipsis
927 3762 1055 3828 injuncte
1074 3766 1138 3816 sunt
1166 3760 1395 3817 inordinatione
1425 3760 1606 3828 Academiae,

272 3852 422 3921 cohortari,
443 3855 586 3920 castigare
606 3852 835 3919 negligentiorem
862 3849 923 3918 ejus
950 3851 1069 3917 denique
1089 3854 1170 3904 erunt
1189 3854 1285 3918 partes
1302 3864 1366 3904 cum
1382 3848 1491 3917 jndicio
1512 3850 1608 3903 consi·

272 3944 363 4011 lloque
383 3943 504 4013 Capituli
525 3946 553 3997 et
572 3941 769 3998 Professorum
806 3940 977 3996 Academiae
1007 3941 1137 3995 sufficere
1166 3939 1311 4007 Lectores,
1339 3953 1405 3995 acre
1422 3938 1560 4005 judicium
1580 3939 1608 3991 in

274 4033 446 4089 sufficiendis
460 4031 603 4099 adhibere,
623 4031 727 4099 videre,
755 4035 784 4084 ut
810 4029 930 4097 idonaei,
956 4034 985 4084 ut
1008 4031 1121 4098 graecis
1149 4027 1300 4094 latinisque
1330 4028 1433 4084 Literis
1452 4031 1480 4081 et
1499 4026 1608 4082 artibus

274 4136 343 4190 quas
363 4120 569 4192 profitebuntur
587 4123 644 4175 siut
663 4120 768 4174 imbuti.
807 4119 866 4189 Quo
892 4121 919 4172 ln
940 4118 1032 4174 officio
1059 4120 1083 4172 si
1110 4117 1315 4173 claudicaverit
1342 4116 1466 4183 Collegio
1487 4113 1609 4184 Capituli

274 4210 439 4269 admonendi
469 4208 541 4278 ejus,
563 4208 611 4277 jis
630 4214 700 4277 esto,
721 4210 744 4262 si
764 4210 993 4277 perseveraverit
1012 4208 1158 4275 negligens
1178 4220 1251 4275 esse,
1271 4206 1474 4260 communicato
1490 4202 1609 4259 consilio

274 4314 337 4356 cum
366 4297 554 4366 Academicis,
587 4296 758 4364 subrogandi
790 4297 926 4352 Lectores
951 4296 1093 4365 digniores
1121 4295 1210 4350 eidem
1236 4294 1360 4362 Collegie
1383 4296 1511 4363 potestas
1538 4297 1609 4345 osto.

274 4387 335 4445 Hoc
355 4393 447 4443 tamen
467 4385 645 4444 Scholastica
664 4386 770 4452 liceblt,
796 4387 820 4440 si
847 4385 975 4454 voluerit,
1001 4384 1123 4454 alicujus
1150 4386 1219 4440 artis
1245 4382 1430 4454 professione,
1458 4383 1611 4437 constituto

275 4477 379 4533 salario
399 4474 539 4544 levigatur.
576 4474 607 4531 In
636 4474 758 4529 officinm
786 4474 998 4531 Coucionatoris
1028 4473 1208 4543 coniunctum
1238 4474 1422 4531 Canonieatui
1452 4470 1496 4525 vel
1525 4470 1611 4526 alicui

275 4564 468 4633 Praeluturae,
487 4564 560 4632 quod
578 4565 622 4618 vir
640 4565 669 4617 in
689 4563 792 4618 Litoris
812 4576 846 4618 ao
860 4565 1019 4631 cognitione
1048 4564 1219 4632 Theologlae
1239 4562 1383 4618 excellens
1404 4559 1526 4627 habebit,
1540 4572 1609 4613 cou-

275 4658 372 4711 stituto
392 4653 510 4709 florenos
530 4666 637 4709 annuos
658 4656 769 4706 centum
788 4654 999 4721 quinquaginta.
1019 4652 1050 4707 ln
1070 4655 1221 4709 canonicos
1241 4649 1538 4719 quatenu—florenos
1559 4661 1611 4703 an-

274 4756 343 4801 nuos
371 4742 590 4812 quadringentos
611 4740 744 4809 sedecim,
778 4755 812 4795 ex
832 4740 931 4807 quibus
965 4740 1018 4797 duo
1038 4742 1132 4797 florent
1167 4740 1285 4809 siugulis
1305 4739 1464 4807 canonicis,
1493 4735 1611 4805 singulis
