3922 5386
407 396 449 469 52

406 591 600 675 saepissime
626 601 722 657 extra
747 613 861 657 muros
886 593 1037 658 Civitatis
1074 594 1309 658 Zamoscensis
1348 595 1540 659 cursitabat.
1590 594 1738 659 Uxorem

408 700 503 764 duxit
528 702 743 766 Catharinarn
779 702 954 777 Lubecka,
994 721 1139 786 quacum
1165 703 1197 764 iu
1223 701 1430 765 Consistorio
1465 704 1739 767 Crasnostavien-

404 811 430 874 si
457 808 541 876 1737
571 829 708 874 causam
732 809 858 873 habuit.
906 810 1025 873 Senior
1062 809 1160 873 Pater
1191 809 1408 885 Academiae,
1457 811 1511 874 Ab
1537 830 1627 873 anno
1654 813 1739 877 1765

399 920 458 1003 Jus
483 918 581 982 civile
607 938 668 1001 per
683 918 881 981 substitutos
906 919 1110 1000 exponebat.
1161 918 1250 981 Obiit
1274 919 1314 982 A.
1342 918 1381 981 D.
1409 917 1505 984 1765.
1538 914 1604 1001 ¹³¹).

512 1044 761 1109 Alexander
783 1044 1041 1108 Franciscus
1071 1044 1299 1121 Pilszecki,
1348 1044 1584 1127 Philosophiae
1609 1046 1741 1111 Doctor

407 1161 440 1214 et
466 1151 648 1229 Professor,
674 1151 837 1236 Logicam
861 1149 989 1215 docens
1014 1152 1047 1214 in
1072 1150 1259 1215 Academia
1283 1171 1374 1214 anno
1391 1152 1485 1228 1727,
1504 1154 1683 1217 assumitur
1707 1153 1741 1216 in

405 1262 593 1346 Regentem
619 1259 790 1324 Seminarii
816 1260 1134 1337 Crasnostaviensis,
1174 1281 1242 1344 quo
1276 1259 1388 1324 officio
1417 1280 1521 1344 usque
1548 1260 1590 1323 ad
1616 1280 1739 1325 annum

409 1366 493 1433 1733
520 1366 654 1430 functus
680 1376 738 1429 est.
765 1366 955 1431 Canonicus
979 1368 1213 1430 Zamoscensis
1241 1367 1336 1433 1731.
1362 1369 1502 1431 Curatus
1526 1367 1739 1441 Wielaczen-

405 1476 459 1553 sis,
498 1475 708 1560 praepositus
756 1468 930 1538 Ecclesiae
966 1476 996 1538 S.
1029 1476 1229 1538 Catharinae
1255 1475 1288 1538 in
1313 1474 1471 1538 suburbio
1508 1476 1737 1555 Zantoscensi,

404 1586 435 1648 S.
460 1582 669 1668 Theologiae
693 1582 900 1646 Licentiatus
925 1591 959 1643 et
985 1581 1207 1645 Historiarum
1234 1581 1407 1645 Professor
1434 1580 1529 1646 1733.
1556 1585 1736 1663 Quaestor.

405 1693 540 1756 Rector.
581 1693 611 1755 S.
637 1688 846 1773 Theologiae
873 1689 967 1764 1711,
1007 1689 1142 1753 Ethices
1173 1689 1258 1754 1712
1284 1689 1465 1766 Professor,
1505 1689 1658 1753 Vocatus
1696 1709 1740 1753 ex

405 1797 618 1862 Cracoviensi
645 1797 870 1863 Universitate
898 1796 991 1860 1721.
1040 1797 1130 1859 Obiit
1154 1797 1319 1860 Zamoscii
1344 1796 1376 1858 in
1408 1797 1510 1859 domo
1542 1796 1739 1861 academica

406 1905 436 1970 3.
462 1905 569 1969 Martii
592 1905 722 1968 horati.
750 1924 965 1986 vesperarum
993 1902 1077 1968 1712
1104 1923 1203 1967 anno.
1235 1901 1303 1987 ⁸²³).

510 2030 747 2095 Stanislaus
772 2029 821 2092 de
845 2030 954 2112 Lazy
981 2030 1286 2105 Dunczewski,
1322 2028 1559 2112 Philosophiae
1590 2040 1665 2112 post
1685 2030 1741 2113 111-

404 2141 447 2202 ris
474 2139 653 2222 Utriusque
679 2138 818 2213 Doctor,
867 2137 1059 2203 hlatheseos
1084 2137 1116 2200 in
1142 2135 1329 2203 Academia
1367 2135 1547 2211 Professor,
1588 2137 1740 2221 Supremi

405 2246 594 2310 Tribunalis
619 2246 727 2330 Regni
753 2246 934 2307 Geometra
957 2245 1099 2325 juratus
1125 2244 1227 2307 Anno
1254 2244 1349 2309 1727.
1399 2245 1615 2307 Rhetoricam
1647 2264 1738 2307 anno

406 2354 487 2420 1711
511 2355 570 2438 Jus
596 2354 703 2437 Regni
743 2353 945 2435 exponebat,
994 2352 1169 2415 Mathesim
1217 2362 1331 2414 tarnen
1369 2371 1501 2433 semper
1537 2350 1739 2433 profitendo

406 2463 583 2542 Quaestor,
609 2459 820 2524 Facultatum
846 2461 1014 2523 Decanus.
1043 2459 1121 2523 Post
1150 2469 1290 2522 mortem
1322 2458 1447 2535 Pruski,
1484 2460 1604 2522 Senior
1639 2457 1739 2522 Pater

405 2566 622 2645 Academiae,
658 2569 792 2631 Author
816 2576 850 2631 et
873 2567 982 2630 editor
1005 2587 1066 2650 per
1091 2567 1201 2650 plures
1227 2586 1335 2630 annos
1369 2565 1558 2630 Calendarii
1585 2566 1617 2628 in
1643 2575 1741 2649 typo·

405 2676 543 2762 graphia
567 2676 792 2739 Zamoscensi.
833 2675 959 2738 Habuit
984 2674 1085 2737 filium
1110 2675 1277 2758 joannem
1306 2674 1520 2737 sacerdotem
1546 2684 1579 2734 et
1606 2673 1739 2735 fratrem

406 2782 602 2847 hliclraefem
628 2784 844 2859 Canonicum,
860 2782 1067 2865 professores
1092 2781 1299 2846 Academiae
1323 2782 1567 2844 Zamoscensis.
1595 2781 1631 2843 ln
1657 2779 1740 2842 actis

405 2890 607 2955 academicis
632 2899 785 2954 vocatus:
824 2889 984 2966 „eximius
1011 2891 1266 2953 mathematicus
1292 2900 1325 2952 et
1350 2889 1579 2951 meritissimus
1604 2908 1739 2972 geome-

406 3006 487 3062 tra.“
534 2997 688 3063 Vocatus
704 3018 747 3061 ex
774 2999 997 3062 Universitate
1023 3000 1238 3063 Cracoviensi
1265 2998 1359 3075 1721,
1386 2998 1475 3059 Obiit
1500 2998 1596 3063 1767.
1628 2992 1694 3079 ³³⁴).

512 3125 701 3206 Jacobus
727 3124 1072 3202 Chrostkiewicz,
1099 3126 1335 3208 Philosophiae
1361 3126 1501 3200 Doctor,
1533 3122 1740 3197 Rhetorices,

406 3233 574 3315 Physices,
615 3234 759 3317 Logices
798 3233 979 3308 Professor,
1007 3236 1185 3315 Quaestor,
1219 3232 1378 3315 Capellae
1406 3234 1440 3295 B.
1461 3232 1601 3316 Joannis
1632 3230 1739 3295 Cantii

406 3339 682 3405 Praebendarius
722 3341 918 3406 Praefectus
958 3342 1129 3405 Seminarii
1156 3341 1251 3417 1731,
1292 3341 1483 3404 Canonicus
1508 3339 1742 3404 Zamoscensis

410 3447 502 3519 1733,
543 3447 710 3512 Plebanus
736 3449 768 3512 in
793 3449 884 3534 Pago
914 3449 1082 3526 bukowa,
1119 3459 1263 3512 vocatus
1297 3468 1340 3510 ex
1366 3448 1591 3512 Universitate
1618 3449 1740 3511 Craco-

407 3556 511 3618 viensi
537 3555 623 3620 1721
649 3576 701 3619 an.
750 3557 838 3619 Obiit
876 3557 1058 3641 improvisa
1097 3568 1214 3633 morte,
1240 3559 1427 3633 intestatus,
1454 3575 1594 3638 vespere
1619 3555 1672 3618 die
1699 3555 1739 3620 12

404 3664 552 3748 Januarii
578 3662 664 3729 1738
690 3683 789 3730 anno
817 3665 972 3747 Sepultus
997 3667 1029 3728 in
1055 3667 1205 3731 Ecclesia
1245 3666 1449 3731 bucoviensi
1474 3666 1507 3727 in
1533 3666 1644 3728 Choro
1684 3666 1741 3727 mi·

407 3772 489 3836 nori.
521 3770 588 3855 ¹³⁵).

511 3896 768 3962 Valentinus
802 3901 1010 3983 Josephus
1048 3901 1274 3976 Paczoski,
1323 3900 1572 3981 Philosophiae,
1622 3907 1741 3981 postea

399 4004 486 4090 Juris
513 4005 692 4089 Utriusque
718 4008 857 4079 Doctor,
898 4008 1096 4071 Rhetoriccs
1123 4010 1217 4079 1721,
1259 4009 1418 4092 Physices
1445 4006 1529 4071 1728
1555 4004 1739 4081 Professor,

408 4115 584 4193 Quaestor,
625 4116 817 4177 Canonicus
843 4115 937 4189 1721,
965 4126 1039 4198 post
1065 4137 1242 4180 ascensum
1267 4114 1489 4180 Pawolowicz
1515 4111 1555 4177 ad
1582 4112 1737 4175 Decana·

405 4232 474 4285 turn
523 4222 750 4285 Scholasticus
788 4224 1022 4287 Zamoscensis
1051 4228 1144 4309 1739,
1183 4227 1376 4289 Canonicus
1414 4221 1641 4287 Ecclesiarum
1681 4224 1741 4285 Ca·

405 4328 605 4392 thedralium
631 4329 839 4394 Chehnensis
865 4344 897 4394 et
924 4335 1197 4409 Kameneccnsis,
1242 4335 1422 4408 Parochus,
1462 4332 1603 4415 primum
1630 4332 1740 4394 Staro-

405 4437 642 4509 Zamoscensis,
668 4449 788 4520 postea
812 4439 1114 4525 Tarnogrodensis,
1142 4442 1293 4507 Vocatus
1321 4440 1415 4504 1721.
1451 4441 1540 4502 Obiit
1565 4437 1740 4512 Zamoscii‚

404 4541 529 4625 61111111
556 4541 642 4607 1719
667 4564 767 4615 anno,
794 4547 944 4630 sepultus
968 4547 1001 4611 in
1018 4550 1200 4631 sepulchro
1225 4548 1422 4612 academico
1455 4545 1521 4629 ¹¹⁸).

510 4667 725 4751 Josephus
751 4669 1064 4752 Goluehowski,
1091 4674 1327 4758 Philosophiae
1354 4677 1492 4738 Ductor.
1520 4672 1672 4737 Vocatus
1697 4669 1738 4735 ad

405 4772 627 4838 Academiam
654 4774 739 4840 1725
764 4798 864 4840 anno.
892 4781 1080 4864 Analogiae
1107 4782 1288 4849 Professor.
1331 4801 1430 4865 quam
1469 4780 1616 4844 docebat
1641 4780 1739 4841 etiam

407 4878 493 4946 1728
541 4900 640 4945 anno.
689 4882 850 4968 Logicam
900 4887 994 4961 1731,
1044 4888 1217 4972 Physicam
1270 4888 1363 4965 1731,
1412 4890 1531 4951 iterum
1579 4888 1739 4970 Logicam
