3922 5386
1553 422 1595 490 69

368 600 526 666 Daniel
565 604 700 690 Nyk0,
738 612 904 679 Alumnus
934 616 1109 681 Seminarii
1132 618 1378 697 Zamoscensis,
1407 631 1484 705 post
1509 618 1594 683 duos

261 724 368 769 annos
385 708 418 771 in
434 708 668 796 Philosophiae
689 718 874 786 Doctorem
901 723 987 790 1778
1011 732 1194 807 promotus.
1222 726 1274 789 Ob
1300 727 1437 791 eximias
1462 726 1594 789 animae

260 815 438 896 qualitates
462 829 495 883 et
520 822 627 887 bonos
643 846 761 905 mores,
789 831 908 896 eodem
935 854 987 897 an.
1013 832 1056 897 ad
1080 833 1300 899 Academiam
1325 845 1477 914 vocatus,
1505 837 1594 900 etin

261 921 486 989 Professorem
512 930 780 1018 Orthographiae
806 941 1020 1015 constitutus,
1046 941 1246 1005 Cathedranr
1272 944 1369 1020 hanc,
1400 953 1477 1027 post
1502 944 1593 1006 bien·

260 1029 360 1105 nium,
387 1051 477 1097 anno
504 1036 589 1104 1789
614 1042 804 1125 resignavit,
831 1055 864 1109 et
889 1046 1061 1130 profectus
1087 1058 1137 1111 est
1162 1049 1359 1113 Varsaviam
1398 1050 1475 1127 „Ob
1499 1070 1592 1134 spem

261 1138 456 1203 crescendi“
480 1163 583 1226 penes
608 1147 766 1213 Tribunal
792 1152 822 1214 S.
849 1153 1079 1216 Nuntiaturae.
1110 1151 1179 1237 ²⁰⁰).

365 1264 550 1332 Mathias
575 1275 595 1334 a
620 1272 790 1338 Meldon
816 1296 849 1339 v.
875 1277 1204 1356 Maldonowica,
1252 1281 1419 1344 Alumnus
1443 1283 1592 1346 Semina-

258 1370 295 1431 rii
319 1370 512 1453 academici,
538 1378 570 1441 in
595 1398 662 1461 quo
687 1381 720 1444 C.
747 1382 789 1446 M.
816 1384 856 1447 O.
875 1384 983 1449 lactus
1000 1394 1043 1461 et,
1060 1394 1135 1468 post
1151 1405 1285 1465 annum,
1304 1398 1481 1470 promotus
1506 1389 1592 1456 1778

257 1476 290 1539 in
314 1478 499 1545 Doctorem
539 1485 782 1571 Philosophiae.
830 1490 984 1556 Vocatus
1008 1492 1027 1556 2
1053 1492 1254 1556 Novembris
1279 1492 1365 1560 1780
1391 1494 1432 1557 ad
1457 1495 1592 1559 Acade·

258 1585 357 1649 miam
381 1587 415 1651 in
439 1588 669 1657 Professorem
705 1596 977 1683 Orthographiae
1003 1608 1079 1681 post
1102 1599 1227 1664 Excell.
1266 1600 1377 1684 Nyk0.
1411 1602 1487 1666 Fuit
1513 1603 1590 1666 dein

258 1692 405 1757 Poeseos
431 1698 515 1764 1782
541 1710 574 1762 et
598 1703 708 1766 statim
734 1713 808 1788 post
835 1704 914 1769 clar.
941 1706 1057 1770 Stocki
1074 1706 1274 1772 Rhetorices
1288 1707 1472 1772 Professor.
1487 1710 1590 1773 Anno

259 1799 343 1866 1783
368 1801 421 1866 die
446 1804 487 1870 13
510 1807 659 1890 Januarii
684 1810 716 1872 in
741 1812 891 1876 Convoc.
918 1813 1052 1895 publica
1083 1813 1243 1877 valedixit
1266 1813 1459 1893 cathedrae,
1488 1836 1589 1898 quam

258 1907 515 1976 valedictionem
541 1934 616 1978 curn
640 1917 821 2001 gratiarum
847 1921 980 1983 actione
998 1919 1187 1984 Academia
1214 1920 1311 2001 justis
1335 1920 1378 1984 de
1403 1923 1512 1985 causis
1537 1942 1591 1986 ac·

257 2017 413 2097 captavit.
436 2019 500 2082 Sed
515 2022 645 2099 iterum,
673 2024 714 2089 19
736 2025 885 2108 Januarii
910 2026 1031 2090 eodem
1056 2046 1156 2103 anno,
1183 2025 1225 2090 ad
1249 2047 1389 2110 praeces
1413 2028 1523 2111 ipsius,
1550 2029 1592 2092 ab

256 2123 442 2189 Academia
467 2129 527 2192 sub
552 2131 652 2194 certis
693 2131 942 2197 conditionibus
971 2144 1159 2218 susceptus,
1196 2135 1286 2197 etin
1311 2134 1491 2199 decembre
1530 2137 1590 2200 Ca·

256 2231 373 2294 thedra
398 2234 542 2321 Logices
578 2237 751 2341 donatus·
773 2238 919 2305 docebat
951 2240 993 2305 ad
1029 2241 1274 2324 supressionem
1313 2241 1522 2307 Academiae
1555 2244 1588 2307 in

256 2338 386 2405 eadem.
416 2337 484 2425 ²⁰²).

360 2466 601 2532 Stanislaus
626 2471 953 2550 Dobrowolski,
993 2471 1159 2536 Alunmus
1185 2473 1357 2536 Seminarii
1391 2471 1587 2551 academici,

254 2582 329 2655 post
354 2582 421 2636 tres
446 2594 554 2639 annos
581 2576 665 2644 1780
697 2579 739 2640 ab
764 2578 953 2643 Academia
991 2589 1163 2663 promotus
1197 2580 1230 2643 in
1264 2579 1529 2644 Baccalaureum
1554 2588 1587 2643 et

253 2690 371 2762 postea
412 2682 496 2749 1783
529 2674 564 2747 in
596 2686 779 2750 Doctorem
817 2687 949 2750 Artium
974 2698 1007 2750 et
1032 2687 1279 2771 Philosophiae.
1327 2688 1378 2751 Ex
1404 2688 1585 2751 seminario

254 2786 403 2852 illartii
443 2790 525 2856 1781
566 2802 708 2858 vocatus
742 2792 785 2857 ad
808 2793 1039 2858 Academiam.
1089 2794 1276 2879 Analogiae
1308 2793 1403 2871 1781,
1437 2793 1587 2858 Poeseos

254 2892 347 2971 1782,
374 2895 572 2963 Rhetorices
599 2899 818 2966 1783-1781
842 2900 1016 2966 Professor
1041 2900 1110 2965 luit.
1146 2904 1223 2982 Quo
1248 2921 1338 2963 anno
1364 2909 1397 2963 et
1422 2900 1477 2962 ubi
1502 2921 1587 2964 nior·

252 3009 327 3064 tuus
352 3012 411 3080 est,
429 3025 497 3068 non
523 3015 665 3071 constat.
694 3003 762 3091 ¹⁰⁰).

358 3128 521 3207 Stocki,
549 3141 692 3196 vocatus
716 3131 759 3195 ad
783 3132 1003 3197 Academiam
1029 3134 1062 3196 in
1085 3133 1246 3217 Januario
1279 3132 1364 3198 1782
1399 3133 1431 3196 111
1460 3132 1587 3196 Rheto-

250 3232 335 3296 rices
361 3235 600 3302 Professorem.
648 3239 778 3303 Eodem
817 3249 930 3303 tamen
969 3261 1023 3304 an.
1066 3240 1172 3304 Martii
1201 3260 1266 3316 „ex
1297 3239 1481 3302 rationibus
1518 3241 1586 3303 suis

247 3340 372 3423 gratias
396 3343 464 3428 agit
488 3364 547 3427 pro
572 3344 740 3409 Catbedra
765 3347 911 3412 Scholae
936 3346 1168 3424 Rhetorices,“
1194 3356 1228 3410 et
1251 3344 1472 3411 Academiam
1494 3346 1586 3410 dimi·

250 3447 299 3511 sit.
329 3443 396 3531 m).

354 3575 576 3639 Antonius
612 3578 873 3664 Baczyrislri,
908 3580 989 3642 ritus
1014 3578 1246 3663 graeco-uniti,
1272 3576 1313 3640 ad
1344 3585 1465 3640 statum
1496 3578 1585 3660 spiri-

249 3680 373 3746 tualem
411 3683 569 3767 aspirans.
618 3685 795 3748 Promotus
819 3686 853 3747 in
878 3684 1065 3750 Academia
1092 3684 1176 3751 1780
1202 3683 1243 3747 ad
1269 3682 1582 3761 Baccalaureatunr,

248 3798 281 3850 et
305 3798 424 3871 postea
451 3789 535 3856 1783
560 3790 602 3854 ad
627 3792 850 3856 Doctoratum
881 3792 913 3853 in
938 3791 1074 3854 Artibus
1112 3789 1321 3855 Liberalibus
1366 3800 1398 3852 et
1438 3788 1585 3854 Philoso-

248 3896 333 3979 phia,
360 3909 503 3961 vocatus
528 3898 570 3961 ad
594 3897 813 3963 Academiam
838 3901 858 3964 0
882 3899 1029 3983 Januarii
1055 3899 1140 3966 1782
1167 3919 1230 3974 an,
1270 3909 1303 3961 et
1327 3899 1485 3981 imprimis
1524 3900 1585 3962 Or·

247 4004 474 4089 thographiae,
499 4016 618 4088 postea
643 4026 662 4068 a
688 4005 729 4071 10
753 4006 860 4070 Martii
886 4007 1039 4087 ejusdem
1065 4007 1143 4070 anni
1167 4005 1297 4070 Primae
1324 4005 1444 4068 Classis
1469 4006 1583 4068 Gram-

248 4111 386 4174 maticos
411 4110 585 4175 Professor
611 4113 823 4176 constitutus.
862 4113 894 4177 A
917 4111 971 4175 die
999 4115 1038 4178 ld
1061 4113 1209 4198 Januarii
1237 4110 1321 4176 1783
1347 4131 1400 4174 an.
1450 4111 1581 4175 Poesim

247 4217 421 4281 tractabat.
447 4217 576 4283 Eodem
602 4221 702 4283 etiam
727 4239 817 4282 anno
843 4219 1030 4284 Cathedrae
1057 4219 1217 4283 valedixit
1242 4229 1275 4282 et
1301 4217 1510 4283 academiam
1537 4218 1582 4283 di-

247 4323 342 4387 misit.
371 4320 436 4408 ³³⁰).

352 4448 552 4530 Alojsius
577 4450 925 4535 Dobraczyriski,
966 4451 1096 4515 Artium
1135 4450 1338 4514 Liberalium
1375 4461 1408 4514 et
1433 4450 1580 4514 Philoso-

246 4556 342 4640 phiae
370 4556 619 4620 Baccalaureus
646 4556 740 4633 1780,
766 4568 799 4619 et
824 4567 945 4640 postea
970 4557 1056 4624 1783
1083 4558 1221 4634 Doctor,
1247 4559 1280 4621 in
1304 4556 1491 4623 Academia
1507 4576 1582 4641 pro-

246 4673 365 4726 motus.
392 4662 545 4728 Vocatus
570 4664 612 4727 ad
638 4663 821 4728 exdivisam
848 4663 1005 4728 Scholarn
1041 4665 1322 4749 Orthographiae,
1350 4664 1473 4729 dictam
1506 4664 1581 4728 Infi-

246 4790 343 4847 mam,
369 4770 402 4834 in
427 4770 656 4835 Professorem
682 4772 735 4835 die
763 4772 803 4837 15
827 4772 998 4835 Februarii
1025 4771 1110 4836 1782
1150 4791 1213 4848 an,
1252 4780 1373 4854 postea
1407 4792 1426 4833 a
1460 4770 1513 4833 die
1541 4772 1581 4836 10

245 4876 351 4941 hlartii
376 4877 496 4943 eodem
522 4899 612 4942 anno
638 4879 680 4943 ad
705 4878 906 4942 Cathedram
926 4879 1010 4942 ll-ae
1036 4878 1149 4941 classis
1168 4878 1423 4960 Grammaticae3
1445 4876 1580 4942 demum
