3922 5386
1523 472 1562 540 51

234 677 308 750 ptus
333 666 374 731 ad
400 667 631 747 Academiam,
662 668 800 752 primam
827 669 995 732 Lauream
1032 669 1064 731 in
1102 668 1241 732 Artibus
1280 678 1314 731 et
1353 668 1567 751 Philosophia

232 774 373 839 obtinuit
398 784 432 837 et
456 774 645 860 Analogiae
671 774 845 838 Professor
869 775 978 838 factus
1004 775 1087 840 1711
1115 795 1214 839 annu.
1241 775 1320 839 Post
1345 798 1405 840 sex
1431 796 1565 840 menses

233 880 459 966 professionis,
484 882 653 946 institutus
679 884 822 946 Curatus
846 883 879 945 in
907 880 1010 957 Biala,
1037 882 1159 973 dimisit
1189 883 1421 947 Academiam.
1452 879 1519 967 ¹³⁷).

338 989 561 1052 Casimirus
584 990 768 1073 Joannes
794 989 962 1065 Osecki,
989 1009 1057 1073 qua
1072 989 1120 1054 Cl.
1137 989 1179 1052 M.
1207 989 1246 1053 O.
1273 991 1392 1053 missus
1419 989 1563 1075 Olycarn

233 1104 266 1159 et
288 1095 458 1159 institutus
483 1098 676 1161 Canonicus
702 1096 877 1161 Professor
902 1098 933 1159 in
959 1096 1110 1182 Collegiu
1150 1106 1183 1160 et
1208 1097 1363 1181 Capitulo
1401 1098 1563 1183 Olycensi

234 1201 327 1274 1693,
368 1202 603 1285 Philosophiae
646 1205 784 1279 Ductor,
819 1203 993 1267 Ecclesiae
1020 1203 1050 1266 8.
1076 1203 1205 1267 Nicolai
1230 1204 1263 1267 in
1290 1202 1401 1288 Olyca
1427 1205 1563 1269 Rector.

231 1309 333 1372 Anno
359 1308 444 1374 1703
469 1308 605 1373 dimissu
640 1308 791 1394 Collegio
830 1308 993 1393 Olycensi
1025 1309 1121 1373 rediit
1154 1312 1379 1390 Zamoscium,
1405 1321 1439 1375 et
1463 1313 1506 1375 ob
1532 1311 1563 1375 id

231 1416 272 1482 ad
309 1418 571 1503 resignationem
609 1419 837 1483 Canonicatus
876 1418 1113 1482 Professoralis
1151 1418 1441 1504 Olycensis'1712
1467 1441 1565 1486 coac·

233 1533 297 1589 tus.
323 1524 446 1589 Postea
471 1525 646 1590 Professor
679 1525 710 1587 in
736 1524 923 1589 Academia
961 1526 1179 1588 Zamoscensi
1219 1526 1409 1590 Canonicus
1447 1528 1565 1592 Zamu-

232 1632 360 1696 scensis
387 1632 484 1707 1719,
510 1632 702 1697 Canonicus
727 1630 935 1696 Cathedralis
962 1630 1180 1696 Chelmensis.
1230 1632 1425 1697 Praefectus
1464 1635 1565 1698 Semi-

232 1738 313 1803 narii
338 1749 414 1822 post
439 1739 717 1805 Michalikiewica
735 1739 816 1804 1721
845 1759 945 1802 anno.
972 1739 1144 1803 Parochus
1170 1739 1399 1803 hukouiensis
1417 1743 1458 1804 ab
1474 1761 1564 1805 annu

232 1844 328 1917 1725,
366 1847 454 1930 Juris
479 1847 661 1931 Utriusque
688 1846 818 1909 Ductor
843 1856 876 1908 et
902 1844 1100 1909 Ordinarius
1123 1846 1211 1931 Juris
1237 1847 1398 1910 Canonici
1434 1847 1562 1912 Profes-

231 1972 295 2016 sor.
335 1953 366 2017 8,
405 1942 620 2017 Authoritate
648 1953 848 2037 Apostolica
873 1952 1031 2017 Notarius
1057 1952 1152 2029 1731,
1179 1953 1317 2018 Rector.
1344 1954 1380 2018 fn
1406 1974 1566 2041 augmen·

227 2068 299 2123 tum
337 2069 561 2143 proventuum
601 2060 827 2124 Canonicatus
865 2059 1055 2122 Wosiniani
1104 2058 1279 2143 insciripsit
1317 2059 1371 2123 die
1400 2060 1566 2145 9Aprilis

235 2164 318 2230 luzo
343 2185 433 2228 anno
458 2186 620 2228 summam
646 2165 745 2239 3,000
771 2164 842 2228 flor.
868 2163 935 2248 pul.
963 2173 996 2227 et
1020 2164 1097 2229 ideo
1123 2166 1354 2230 Canonicatus
1387 2168 1441 2231 hic
1466 2187 1566 2232 voca·

231 2275 256 2337 ri
282 2274 393 2358 coepit
417 2274 833 2347 Wasiniano·Osecianus.
860 2273 950 2336 Obiit
976 2274 1062 2343 1733
1079 2294 1179 2338 annu.
1210 2272 1278 2360 ¹¹⁸).

336 2381 597 2445 Franciscus
644 2380 888 2465 Zagayski,
936 2380 1126 2466 Analogiae
1165 2381 1261 2459 1714,
1301 2381 1452 2446 poeseos
1479 2383 1563 2449 1717

232 2486 414 2552 Professor.
458 2489 560 2551 Anno
593 2489 679 2553 1719
704 2488 919 2553 Rhetoricam
961 2487 1116 2552 ducebat.
1156 2488 1346 2573 Presbyter.
1394 2490 1447 2553 Ab
1472 2509 1563 2553 anno

234 2593 317 2659 1715
342 2594 467 2676 primus
492 2595 677 2659 Catecheta
701 2595 734 2656 in
760 2594 947 2679 Collegiata
970 2595 1199 2672 Zamoscensi,
1225 2593 1432 2660 fundationis
1450 2596 1562 2660 Sikor-

230 2702 377 2765 scianae.
408 2696 477 2786 Η1).

335 2809 392 2873 Fr.
419 2807 619 2873 Patritius
646 2808 897 2886 Brodowski,
915 2810 945 2873 S.
962 2808 1170 2893 Theologiae
1187 2810 1326 2887 Ductor,
1350 2810 1483 2874 Ordinis
1509 2811 1564 2876 Mi·

230 2934 349 2979 norum
375 2916 405 2979 S.
432 2915 605 2980 Francisci
635 2915 927 2992 Conventualium,
976 2915 1125 2979 Minister
1164 2915 1379 2980 Prouincialis
1410 2917 1562 2995 Russiae,

230 3022 477 3106 professionem
517 3022 728 3107 Theologiae
760 3021 960 3085 scolasticae
986 3022 1017 3085 in
1043 3021 1232 3086 Academia
1256 3032 1435 3088 vacantem
1460 3025 1563 3107 petiit.

229 3131 271 3195 Et
294 3130 452 3213 quoniam
477 3150 577 3193 nerno
603 3150 645 3193 ex
670 3129 876 3192 Ductoribus
900 3128 1110 3213 Theologiae
1128 3129 1330 3193 academicis
1347 3150 1421 3193 eam
1438 3130 1565 3213 profes-

230 3236 359 3301 sionem
384 3246 500 3320 petere
526 3246 559 3300 et
583 3237 756 3320 suscipere
781 3234 897 3312 voluit,
937 3234 1102 3299 inferente
1127 3237 1303 3299 instantias
1330 3236 1425 3300 lllmu
1446 3237 1564 3301 Patro·

231 3364 285 3419 no,
312 3343 509 3427 Capitulum,
535 3345 603 3407 vita
627 3341 907 3407 sufficientissima
930 3362 1077 3427 persona
1103 3342 1201 3407 Adm.
1222 3343 1323 3407 R-ndi
1339 3343 1564 3422 Prouincialis‚

230 3470 433 3514 consensum
459 3471 554 3515 suum
579 3450 680 3527 dedit,
705 3450 799 3512 salva
823 3450 1038 3514 nihilominus
1063 3451 1112 3514 sui
1139 3451 1172 3513 in
1197 3449 1383 3514 Academia
1409 3461 1564 3535 accepta-

230 3558 331 3633 tione,
357 3576 457 3640 quam
483 3566 515 3619 et
541 3557 686 3619 obtinuit
711 3556 795 3621 1717
822 3576 922 3632 anno,
950 3557 981 3618 in
1007 3556 1203 3620 Februario.
1237 3555 1451 3620 Guardianus
1476 3558 1563 3621 Con·

231 3672 352 3727 uentus
389 3664 624 3739 Zamoscensis
665 3672 698 3726 et
737 3661 912 3726 Professor
936 3660 1141 3726 Academiae
1175 3662 1269 3728 1718.
1310 3662 1389 3727 Post
1420 3672 1563 3728 mortem

230 3773 366 3849 Skuclri,
393 3772 498 3836 voluit
522 3773 593 3835 fieri
620 3772 783 3836 lnfulatus
807 3809 851 3817 —
875 3773 1045 3850 Decanus,
1086 3773 1145 3836 sed
1187 3773 1318 3847 frustra,
1353 3774 1506 3856 Capitulo
1532 3783 1565 3837 et
1597 3797 1601 3803 ·

231 3879 417 3944 Academia
441 3901 516 3942 sese
543 3880 802 3963 opponentibus.
829 3878 1029 3943 Cathedrarn
1055 3880 1241 3965 Teologiae
1282 3879 1505 3944 scholasticae
1530 3881 1563 3943 in

229 3986 416 4052 Academia
440 3987 550 4052 adhuc
583 4008 673 4050 anno
703 3987 789 4053 1728
814 3986 1017 4070 possidebat.
1049 3985 1116 4071 ¹⁸⁰).

338 4096 569 4159 Stanislaus
617 4094 895 4179 hlaykiewicz,
945 4094 1132 4178 Analogiae
1167 4094 1339 4158 Professor
1364 4096 1564 4159 substitutus

231 4202 326 4275 1721,
352 4202 473 4267 eodem
499 4223 588 4265 annu
614 4202 766 4265 discessit
805 4202 1015 4265 Cracoviam.
1067 4202 1190 4266 lterum
1225 4202 1321 4265 rediit
1352 4203 1564 4265 Zamoscium

231 4310 326 4375 1726.
376 4309 610 4392 Philosophiae
650 4309 789 4385 Ductor,
840 4308 990 4371 Po'e'seus
1027 4308 1200 4373 Professor
1225 4307 1322 4373 1728.
1349 4311 1450 4372 Anno
1478 4309 1563 4373 1730

227 4417 466 4502 quaPuhseos
491 4415 673 4491 Professor,
713 4424 789 4499 post
813 4416 980 4500 Joannem
1007 4416 1197 4499 Karpiriski,
1238 4413 1430 4498 praefectus
1462 4416 1563 4504 Semi·

229 4525 312 4591 narii
338 4526 456 4590 factus.
487 4523 554 4608 ¹⁸¹).
656 4601 660 4608 ⁶

335 4632 513 4697 alienae!
540 4631 701 4705 Pruski‚
727 4631 812 4714 Juris
838 4632 1018 4716 Utriusque
1045 4633 1182 4707 Ductor,
1217 4632 1304 4716 Juris
1330 4630 1441 4694 Civilis
1467 4630 1562 4693 Ordi-

229 4740 342 4805 narius
366 4739 549 4805 Professor.
574 4739 727 4804 Vocatus
758 4737 849 4803 1721.
871 4738 1078 4823 Judiciorum
1112 4738 1417 4802 Tribunaliciururn
1442 4748 1476 4800 et
1501 4739 1562 4801 Ar·

231 4849 379 4913 censium
409 4848 684 4911 Zarnoscensium
710 4847 864 4909 Assesor.
907 4846 1087 4909 Geometra
1109 4847 1251 4927 juratus,
1292 4847 1470 4927 Quaestor,
1498 4846 1563 4908 De·

229 4974 343 5031 canus,
391 4956 527 5041 Rectus,
566 4954 676 5023 Variis
716 4953 859 5037 negotiis
898 4952 1105 5023 Academiae
1130 4962 1164 5016 et
1188 4952 1329 5036 Capituli
1360 4961 1558 5035 occupatus,
