3978 5394
1586 382 1625 446 71

297 571 439 651 negotiis
462 577 612 660 publicis.
662 579 765 643 Natus
789 580 822 641 in
847 579 972 662 oppido
1012 578 1090 653 Pila,
1129 579 1314 662 palatinatu
1361 577 1533 659 quondam
1567 578 1626 642 Po-

295 679 477 759 znaniensi‚
503 683 545 747 de
570 697 665 769 patre
691 687 875 752 Laurentio
901 688 1028 751 Staszic
1051 687 1255 770 proconsule
1280 685 1431 766 ejusdem
1457 686 1569 770 oppidi
1595 698 1629 749 et

297 798 402 851 matre
427 791 608 856 Catharina
632 793 800 868 Medlicka
823 803 1000 878 pareutum
1025 793 1264 878 legitimorum,
1291 813 1381 856 anno
1408 793 1502 868 1735,
1535 794 1627 856 initio

297 895 419 958 mensis
443 897 653 964 Novembris.
680 902 831 965 Mortuus
858 910 909 964 est
932 901 1120 965 Varsaviae
1145 900 1198 965 (lie
1223 901 1265 965 20
1288 900 1437 985 Jauuarii
1465 900 1549 966 1826
1574 920 1627 964 an.

298 1000 454 1083 Sepultus
479 1005 532 1068 die
557 1007 599 1072 24
625 1007 777 1089 ejusdem
816 1008 940 1071 mensis
977 1009 1010 1071 in
1049 1008 1256 1072 coemeterio
1295 1027 1400 1091 penes
1424 1005 1627 1096 ⁸Ecclesiam

297 1105 331 1171 P.
357 1107 390 1173 P.
417 1110 722 1178 Camaldulensium
746 1114 778 1177 in
806 1115 946 1199 Bielany
972 1113 1014 1178 ad
1040 1115 1249 1179 Varsaviam.
1279 1112 1347 1197 m).

404 1217 581 1283 Michaet
630 1223 867 1299 Gniewosz,
915 1233 1092 1306 susceptus
1125 1221 1167 1286 ad
1201 1222 1413 1285 seminarium
1445 1221 1530 1288 1780
1564 1241 1628 1299 an,

298 1334 472 1406 promotus
497 1346 579 1390 vero
604 1328 636 1391 in
661 1328 847 1393 Academia
873 1329 916 1396 25
940 1329 1142 1394 Novembris
1169 1328 1252 1396 1782
1270 1327 1312 1390 ad
1330 1328 1630 1393 Baccalaureatum

296 1448 387 1492 anno
413 1452 495 1496 vero
522 1434 607 1502 1783
633 1434 686 1499 die
710 1435 731 1502 8
756 1437 822 1501 Mai
846 1436 888 1500 ad
923 1438 1145 1501 Doctoratum
1180 1437 1211 1499 iu
1245 1437 1382 1500 Artibus
1420 1434 1629 1500 Liberalibus

298 1546 332 1599 et
356 1538 579 1624 Philosophia.
627 1543 840 1607 Adolescens
879 1545 1035 1629 egregiae
1073 1543 1203 1619 indolis,
1252 1542 1356 1605 multa
1380 1543 1470 1604 buna
1495 1541 1630 1625 promit-

298 1655 372 1709 tens
396 1648 427 1711 in
453 1651 614 1715 Ecclesia.
663 1651 789 1717 Nobilis
827 1673 869 1716 ex
908 1652 1056 1715 dioecesi
1091 1651 1257 1718 Plocensi.
1283 1651 1435 1716 Vocatus
1460 1650 1502 1715 24
1527 1652 1630 1714 Octo·

299 1753 363 1817 bris
388 1755 473 1823 1783
499 1778 551 1820 an.
578 1758 620 1823 ad
646 1759 848 1822 Cathedram
874 1759 961 1824 Il·ae
986 1760 1101 1824 classis
1133 1760 1375 1823 Grammatices
1401 1759 1432 1820 in
1460 1757 1630 1821 Professo-

298 1881 378 1925 rem.
426 1864 580 1929 Docebat
604 1865 647 1929 ad
671 1867 942 1950 suppressionem
969 1865 1185 1931 Academiae.
1213 1863 1282 1949 m).

406 1969 598 2035 Clemens
644 1971 915 2049 Liberadzki‚
963 1972 1005 2036 ad
1044 1975 1262 2037 Seminarium
1288 1974 1515 2038 Zamoscense
1541 1992 1631 2035 anno

302 2076 386 2142 1779
410 2089 596 2163 susceptus,
622 2080 714 2162 quod
739 2090 852 2144 tamen
878 2080 920 2146 29
946 2081 1145 2145 Novembris
1172 2080 1257 2147 1782
1282 2080 1413 2143 dimisit.
1463 2081 1548 2143 Ortu
1587 2100 1630 2142 ex

298 2184 432 2248 Ducatu
456 2186 667 2264 Lithuaniae,
692 2199 867 2272 promotus
892 2189 924 2250 in
949 2188 1137 2252 Academia
1161 2188 1214 2252 die
1240 2188 1282 2253 25
1308 2187 1507 2252 Novembris
1547 2186 1631 2253 1782

300 2289 333 2353 in
360 2291 636 2371 Baccalaureum‚
663 2314 754 2358 anno
793 2314 876 2359 vero
910 2294 994 2361 1783
1020 2295 1073 2358 die
1098 2298 1119 2361 8
1143 2295 1207 2359 Mai
1232 2295 1263 2357 in
1291 2295 1475 2358 Ductorem
1501 2294 1630 2357 Artium

301 2397 503 2462 Liberalium
530 2410 563 2463 et
588 2401 832 2485 Philosophiae.
880 2402 1034 2466 Vocatus
1073 2403 1126 2466 die
1166 2402 1207 2467 21
1247 2403 1404 2466 Octobris
1430 2401 1515 2468 1783
1540 2421 1630 2464 anno

301 2502 342 2568 ad
367 2507 596 2585 Academiam,
622 2520 656 2572 et
680 2508 856 2574 Professor
880 2510 913 2573 in
938 2509 1109 2573 Cathedra
1134 2509 1248 2575 classis
1274 2509 1407 2572 infimae
1442 2527 1502 2571 seu
1529 2508 1629 2572 Ill-ae

301 2615 541 2678 Grammatices
575 2617 776 2679 constitutus
814 2615 882 2679 luit.
931 2617 1085 2680 Docebat
1110 2618 1142 2679 in
1167 2617 1231 2681 hac
1265 2615 1434 2679 Cathedra
1458 2634 1564 2696 usque
1589 2612 1631 2677 ad

302 2722 525 2786 cassationem
572 2723 780 2787 Academiae
828 2743 918 2786 anno
956 2724 1041 2789 1781
1079 2730 1240 2788 secutam.
1282 2722 1422 2787 Ultimus
1453 2722 1632 2785 vocatione

301 2829 475 2895 Professor
499 2829 707 2895 Academiae
731 2830 977 2907 Zamoscensis,
1004 2830 1046 2894 de
1072 2850 1139 2913 quo
1174 2839 1394 2894 monumenta
1427 2830 1552 2912 scripta
1585 2828 1631 2891 lo-

301 2947 458 3018 quuntur.
486 2932 554 3022 ²⁸⁸).
