3922 5386
389 443 433 510 68

494 631 704 695 Martinus
729 629 891 712 Degen.
940 626 993 690 Ab
1019 644 1110 686 anno
1134 625 1253 686 aetatis
1281 623 1357 687 15-o
1381 643 1413 684 rn
1439 623 1625 686 Seminario
1658 622 1719 685 Za·

388 738 555 804 moscensi
579 756 685 822 penes
709 734 927 800 Academiam
953 741 1087 815 sumptu
1122 730 1203 794 lllrni
1239 728 1390 793 Ordinati
1420 730 1593 794 educatus.
1642 729 1720 795 Post

389 865 448 909 sex
487 864 604 922 annos,
645 842 731 908 1774
769 861 869 916 anno,
909 859 975 921 qua
1000 840 1034 902 C.
1061 838 1101 902 M.
1128 838 1167 901 O.
1203 837 1236 900 in
1267 838 1446 900 seminario
1474 837 1719 922 Philosophiae,

388 949 636 1016 Baccalaureus
661 950 701 1012 ab
731 948 917 1012 Academia
942 956 1084 1011 creatus.
1134 944 1262 1008 Ultimis
1285 943 1360 1028 Julii
1387 945 1508 1010 1775-o
1534 964 1597 1021 an,
1624 943 1722 1023 dimi·

388 1060 429 1122 sit
446 1057 674 1133 Seminarium,
701 1066 734 1117 et
759 1054 801 1118 ad
827 1052 1028 1118 Cathedram
1060 1053 1329 1137 Orthographiae
1354 1052 1387 1114 in
1412 1051 1639 1116 Professorem
1669 1070 1721 1114 su-

389 1173 534 1248 sceptus,
582 1163 816 1247 Philosophiae
864 1162 993 1225 Doctor
1024 1159 1120 1224 1776.
1158 1159 1234 1223 Fuit
1257 1169 1385 1242 postea:
1411 1159 1598 1245 Analogiae
1626 1159 1720 1235 1776,

387 1272 535 1337 poeseos
561 1271 656 1347 1776,
683 1270 881 1333 Rhetorices
907 1267 992 1334 1778
1017 1266 1200 1332 Professor.
1235 1265 1290 1332 Ad
1321 1285 1461 1349 praeces
1499 1266 1610 1350 ipsius,
1635 1266 1723 1332 Aca·

389 1377 499 1443 demia
523 1378 609 1441 misit
633 1377 723 1440 illum
748 1377 957 1449 Cracoviam
984 1376 1039 1438 ubi
1063 1375 1204 1437 alterum
1230 1393 1355 1439 annum
1380 1376 1550 1459 transegit,
1577 1375 1619 1438 ad
1636 1383 1723 1439 artes

390 1486 644 1549 mathematicas
692 1483 926 1548 addiscendas.
993 1484 1030 1546 ln
1069 1480 1308 1546 educationem
1347 1481 1432 1544 illius
1470 1482 1520 1544 his
1560 1483 1592 1545 iu
1631 1482 1723 1558 locis,

392 1591 580 1656 Academia
604 1591 691 1655 ultra
715 1589 783 1653 duo
808 1589 908 1653 millia
933 1590 1095 1674 erogavit.
1122 1588 1242 1652 Redux
1262 1608 1338 1652 cum
1363 1590 1554 1653 testimonio
1584 1591 1725 1655 Univer-

390 1700 494 1763 sitatis
518 1699 720 1762 Viennensis
745 1709 778 1761 et
803 1697 1043 1773 Professorum,
1079 1696 1274 1760 cathedram
1299 1697 1491 1761 Matheseos
1515 1697 1569 1762 die
1594 1698 1613 1763 2
1639 1699 1725 1763 Mar·

391 1805 534 1872 tii1781
562 1826 653 1868 anno
678 1806 831 1868 obtinuit.
870 1805 972 1868 Anno
1000 1803 1083 1869 1782
1110 1803 1163 1866 die
1191 1805 1228 1869 ll
1256 1805 1458 1886 Septembris
1482 1806 1525 1868 ob
1550 1805 1723 1871 delectum

391 1914 592 1979 Prolessoris
617 1914 795 1978 commissa
819 1913 861 1976 illi
887 1912 946 1976 luit
971 1912 1071 1975 lectio
1096 1912 1263 1996 Physices,
1290 1931 1366 1976 curn
1391 1913 1513 1976 salario
1529 1934 1642 1977 annuo
1659 1916 1723 1981 300

392 2021 464 2085 flor.
490 2021 568 2105 pol.;
593 2041 693 2103 quam
718 2021 902 2093 scientiam,
942 2020 1037 2082 simul
1063 2039 1103 2084 ac
1128 2020 1315 2095 Mathesim,
1354 2039 1460 2101 usque
1494 2020 1535 2085 ad
1568 2023 1725 2086 cassatio·

393 2149 468 2193 nem
487 2127 694 2192 Academiae
714 2126 798 2193 1781
823 2147 876 2190 an.
903 2126 1080 2189 tractabat.
1107 2128 1285 2207 Quaestor.
1313 2126 1390 2207 Quo
1416 2147 1506 2191 anno
1520 2138 1553 2191 et
1569 2131 1624 2193 ubi
1640 2150 1726 2192 mor-

392 2247 469 2299 tuus
493 2245 553 2313 est,
579 2234 784 2299 documenta
809 2256 877 2297 non
903 2234 1096 2318 loquuntur.
1125 2230 1192 2318 ²⁰¹).

499 2360 685 2424 Thomas
710 2358 984 2434 cwiklinski,
1019 2358 1184 2423 Alumnus
1209 2361 1382 2424 Seminarii
1411 2372 1444 2424 et
1469 2363 1614 2427 Studens
1639 2366 1727 2430 Aca·

394 2470 523 2532 demiae
548 2469 791 2541 Zamoscensis‚
817 2466 860 2530 ab
884 2486 975 2530 anno
1002 2468 1084 2531 1771
1111 2466 1154 2530 ad
1179 2487 1231 2531 an.
1261 2469 1354 2545 1776,
1389 2472 1423 2533 in
1456 2490 1521 2552 qua
1552 2485 1726 2556 promotus

394 2585 445 2638 est
469 2575 607 2657 primnm
634 2575 719 2639 1774
744 2593 796 2637 an.
823 2572 866 2636 ad
891 2572 1190 2636 Baccalaureatum
1215 2575 1248 2637 in
1272 2576 1409 2639 Artibus
1442 2587 1474 2638 et
1500 2577 1725 2664 Philosophia,

394 2691 427 2746 et
452 2691 571 2766 postea
597 2681 682 2746 1776
707 2681 740 2743 in
766 2681 962 2743 Doctorem.
1010 2680 1073 2743 Die
1107 2682 1127 2745 9
1161 2681 1364 2764 Septembris
1391 2684 1476 2749 1776
1501 2704 1553 2749 an.
1585 2690 1727 2752 vocatus

395 2789 437 2854 ad
454 2789 673 2854 Academiam
698 2789 730 2851 in
747 2788 975 2853 Professorem
999 2789 1239 2854 Grammatices
1264 2811 1322 2853 seu
1357 2792 1555 2876 Analogiae,
1579 2794 1728 2859 Poeseos

398 2895 492 2973 1778,
520 2897 720 2970 Rhetorices
745 2906 822 2979 post
846 2896 966 2979 Degen
992 2896 1088 2971 1778,
1115 2897 1385 2979 Methaphysices
1411 2897 1495 2964 1782
1521 2911 1554 2963 61
1571 2902 1726 2987 Logices.

396 3005 551 3069 Docebat
576 3022 682 3084 usque
707 3002 749 3066 ad
775 3003 997 3067 cassationem
1023 3001 1238 3067 Academiae.
1264 3005 1332 3081 Vir,
1351 3005 1449 3086 juxta
1473 3017 1559 3085 acta,
1585 3010 1730 3091 pulchris

395 3112 610 3194 qualitatibus
635 3111 815 3195 praeditus.
864 3112 926 3175 Ubi
965 3121 999 3174 et
1034 3127 1103 3193 quo
1141 3133 1231 3175 anno
1270 3115 1360 3191 obiit,
1399 3116 1476 3180 nihil
1512 3119 1594 3181 certi
1627 3121 1728 3183 habe·

397 3230 460 3283 mr.
490 3215 559 3302 ror).
1449 3226 1454 3235 ·

503 3342 704 3408 Nicolaus
742 3343 1069 3428 ManugiewicZ,
1117 3344 1283 3408 Alumnus
1316 3347 1489 3411 Seminarii
1523 3358 1556 3412 et
1590 3349 1729 3414 studens

397 3448 604 3515 Academiae
628 3450 872 3526 Zarnoscensis,
898 3450 939 3513 ab
965 3469 1054 3513 anno
1083 3450 1166 3515 1772
1192 3450 1232 3514 ad
1259 3471 1311 3515 an.
1339 3454 1434 3519 1776.
1469 3454 1523 3518 Ad
1547 3457 1729 3525 Baccalau-

398 3566 530 3620 reatum
554 3557 587 3619 in
612 3557 736 3619 artibus
762 3566 795 3619 et
820 3556 1033 3639 Philosophia
1067 3558 1163 3635 1774,
1199 3557 1241 3620 ad
1266 3559 1489 3625 Doctoratum
1525 3584 1608 3626 vero
1643 3566 1729 3631 1776

398 3682 489 3725 anno
513 3671 687 3745 promotus
711 3671 771 3725 est.
822 3662 972 3726 Vocatus
997 3663 1039 3725 ad
1065 3663 1284 3728 Academiam
1310 3676 1385 3748 post
1412 3670 1609 3733 vacationes
1633 3672 1730 3735 aesti-

399 3787 459 3831 vas
485 3768 579 3833 1776.
607 3769 877 3852 Orthographiae
903 3769 1053 3852 primunr,
1079 3780 1208 3854 postea:
1235 3774 1477 3839 Grammatices
1510 3798 1571 3841 seu
1604 3779 1731 3843 Analo-

397 3874 471 3960 giae
498 3874 593 3952 1778,
620 3875 767 3939 Poeseos
792 3885 867 3958 post
892 3875 1086 3939 Cwiklir'rslri
1115 3877 1208 3955 1778,
1236 3879 1436 3944 Rhetorices
1454 3883 1536 3950 1781
1556 3884 1731 3949 Professor

399 3981 517 4045 lactus.
566 3983 731 4067 Linguam
756 3982 910 4068 gallicam
935 3991 1010 4065 post
1035 3984 1179 4059 Human,
1206 3985 1247 4048 ab
1273 4006 1325 4049 an.
1353 3988 1571 4056 1778-1782
1596 4012 1649 4056 an.
1675 3991 1733 4056 do·

399 4090 507 4153 cebat.
555 4091 658 4153 Anno
684 4089 768 4155 1782
795 4089 848 4153 616
872 4089 914 4154 22
938 4089 1060 4172 Aprilis
1089 4091 1122 4153 in
1148 4092 1404 4158 convocatione
1439 4098 1563 4180 gratias
1597 4100 1663 4183 egit
1697 4100 1729 4164 in

398 4196 483 4262 facie
511 4197 743 4262 Universitatis
777 4218 836 4281 pro
871 4197 947 4263 loco
978 4199 1011 4261 in
1036 4199 1232 4277 Academia,
1258 4212 1291 4265 et
1316 4203 1413 4281 illam,
1439 4205 1626 4286 salariatus,
1644 4207 1734 4272 dimi·

400 4304 449 4369 sit.
480 4299 549 4388 ¹⁰⁴).

507 4429 721 4493 Antonius
758 4430 1028 4507 Kamierislri,
1067 4431 1233 4495 Alumnus
1257 4434 1431 4499 Seminarii
1456 4438 1639 4503 academici
1664 4458 1733 4502 uno

401 4554 491 4598 anno
522 4536 750 4613 1777—1778‚
788 4546 889 4600 antea
930 4536 1014 4602 1776
1054 4537 1285 4621 Philosophiae
1321 4542 1451 4605 Doctor
1478 4543 1510 4605 in
1548 4544 1734 4608 Academia

403 4650 545 4706 creatus.
593 4643 745 4708 Vocatus
771 4642 813 4707 ad
838 4642 1059 4708 Academiam
1084 4643 1137 4708 die
1162 4646 1181 4709 6
1207 4646 1349 4730 Augusti
1376 4648 1461 4713 1778
1486 4660 1519 4713 et
1543 4650 1732 4736 Analogiae

402 4747 575 4812 Professor
599 4749 716 4815 factus.
742 4749 944 4813 Cathedrarn
967 4751 1056 4816 hanc
1079 4751 1172 4815 initio
1198 4771 1250 4816 an.
1278 4753 1360 4819 1781
1379 4756 1561 4840 resignavit
1586 4766 1620 4820 et
1635 4760 1734 4823 cessit

403 4854 522 4922 eidem.
551 4853 612 4939 ²⁰⁵)
