3922 5386
388 433 431 499 56

384 628 594 694 Facultatum
621 631 790 709 Decanus,
817 635 996 715 Quaestor,
1015 637 1192 719 aliquoties
1208 641 1343 720 Rector,
1364 645 1504 711 Ultimus
1519 648 1719 714 Procancel·

383 736 485 803 larius
510 738 715 804 Academiae
742 740 974 809 1773-1784.
1022 745 1164 810 Curatus
1187 749 1480 836 Woauczynensis
1516 758 1612 835 1747,
1646 760 1718 823 Sta·

382 849 648 912 rozamoscensis
687 849 783 923 1751,
824 848 1103 934 Tyszovecensis,
1143 856 1364 937 Eucavensis,
1403 861 1538 927 demum
1576 864 1715 931 Turobi·

381 956 493 1019 nensis
516 957 742 1040 Praepositus.
769 958 960 1023 Canonicus
1001 962 1095 1039 1745,
1135 965 1255 1029 Custos
1292 968 1377 1035 1765
1425 972 1631 1059 Collegiatae
1654 976 1716 1040 Za·

380 1068 575 1132 moscensis.
615 1066 883 1133 Arclridiaconus
909 1067 1117 1133 Cathedralis
1142 1072 1350 1141 Chelmensis
1378 1078 1472 1143 1762.
1498 1081 1552 1145 Ab
1577 1083 1714 1167 Episco-

378 1193 422 1262 po
447 1174 637 1241 Chelmensi
676 1176 811 1262 Weiyk
843 1174 954 1261 Judex
994 1176 1178 1263 Delegatus
1219 1182 1314 1261 1763,
1350 1196 1469 1270 postea
1496 1188 1536 1254 15
1560 1190 1710 1275 Januarij

380 1286 475 1351 1764.
523 1285 677 1351 Vicarius
724 1286 757 1349 in
796 1283 1024 1368 Spiritualibus
1063 1296 1096 1348 et
1129 1287 1289 1355 Officialis
1327 1293 1500 1359 Generalis
1538 1298 1713 1365 Dioecesis

377 1394 584 1461 Chelmensis
609 1395 809 1459 nominatus.
858 1394 933 1457 Hoc
958 1414 1080 1457 munus
1105 1395 1264 1461 Officialis
1298 1401 1469 1466 Generalis
1494 1412 1527 1468 et
1551 1409 1713 1489 posterio-

376 1505 401 1567 ri
428 1498 832 1590 tempore,'}regnantibus
856 1501 889 1563 in
915 1501 1070 1566 Dioecesi
1110 1504 1301 1570 Chelmensi
1347 1509 1530 1595 Episcopis:
1578 1514 1710 1595 Turski,

376 1612 518 1687 Okecki,
555 1609 848 1687 Alexandrowicz,
898 1610 1057 1693 Garnysz,
1099 1631 1204 1695 usque
1242 1612 1284 1677 ad
1324 1615 1475 1682 ultimum
1507 1620 1595 1685 diem
1620 1624 1709 1688 vitae

373 1721 484 1805 gessit.
532 1720 610 1784 Post
649 1718 908 1803 resignationem
948 1717 1212 1804 Sulraganeatus
1252 1721 1460 1788 Chelmensis
1485 1747 1504 1789 a
1528 1728 1708 1796 Dominico

373 1827 595 1894 Kielczewski
621 1828 790 1912 Episcopo
816 1825 1143 1909 Hermopolitanensi
1169 1829 1342 1895 Canonieo
1368 1833 1559 1898 Cathedrali
1584 1836 1708 1904 Craco·

374 1937 488 2011 viensi,
529 1936 715 2020 Episcopus
753 1933 897 2009 Okecki,
937 1932 1037 2009 illum,
1078 1954 1197 2018 nempe
1236 1936 1465 2002 Kocbnowski
1500 1942 1706 2009 nominatum

372 2063 392 2106 a
425 2063 513 2129 rege,
563 2041 796 2107 confirmatum
835 2061 855 2104 a
891 2039 979 2104 Sede
1009 2041 1216 2124 Apostolica,
1266 2043 1450 2109 Varsaviae
1486 2048 1518 2111 in
1556 2050 1708 2118 Ecclesia

372 2151 403 2214 S.
427 2149 575 2234 loannis,
601 2148 654 2213 die
679 2147 721 2214 22
748 2148 906 2217 Octobris
932 2148 1017 2212 1775
1043 2167 1096 2211 an.
1122 2149 1154 2211 in
1178 2149 1379 2234 Episcopum
1403 2153 1436 2215 in
1462 2173 1492 2237 p.
1518 2154 1560 2220 in.
1582 2157 1708 2245 Diony·

369 2257 513 2321 siensem
538 2255 791 2342 suffraganeum
816 2276 912 2318 suum
937 2254 1173 2319 Chelmensem
1212 2260 1437 2337 consecravit,
1476 2263 1706 2330 assistentibus

370 2366 736 2441 conconsecratoribus,
775 2364 907 2446 Alojsio
933 2361 1070 2426 Vitoldo
1095 2361 1389 2442 Alexandrowicz,
1425 2367 1576 2453 Gasparo
1602 2371 1706 2437 Cieci·

368 2473 520 2551 szowski,
547 2471 814 2554 Coadjutoribus,
846 2472 953 2555 primo
979 2470 1180 2548 Chelmensi,
1206 2471 1356 2535 secundo
1383 2472 1578 2555 Kijoviensi.
1617 2479 1704 2544 Mor·

367 2591 401 2644 te
424 2592 543 2645 secuta
575 2580 731 2665 Episcopi
767 2577 1061 2656 Alexandrowicz,
1096 2579 1223 2642 electus
1248 2587 1299 2641 est
1323 2581 1356 2643 in
1385 2581 1699 2651 Administratorem

365 2688 564 2753 Generalem
591 2687 764 2750 Dioecesis
788 2695 822 2749 et
846 2686 1017 2752 Vicarium
1055 2686 1279 2769 Capitularum
1306 2685 1347 2751 19
1373 2690 1575 2771 Septembris
1613 2694 1697 2761 1781

365 2815 465 2859 anno.
491 2796 568 2877 Qua
591 2794 860 2870 Administrator,
887 2815 929 2858 ex
955 2802 1072 2856 vetere
1096 2794 1250 2859 Ecclesia
1276 2794 1477 2865 Cathedrali,
1506 2797 1699 2865 Chelmensi

364 2904 623 2968 Crasnostaviae
662 2903 723 2965 sita
748 2903 794 2966 tit.
820 2904 861 2966 O.
888 2906 928 2966 O.
955 2904 1164 2979 Sanctorum,
1201 2902 1419 2966 devotionem
1458 2907 1698 2988 cathedralem,

359 3011 445 3092 jura,
484 3010 666 3096 privilegia,
716 3010 939 3087 fundationes,
978 3010 1012 3073 in
1054 3009 1241 3074 Ecclesiam
1281 3010 1543 3093 postjesuiticam
1579 3016 1700 3080 ibidem

361 3119 422 3182 sub
446 3119 493 3181 tit.
519 3120 550 3181 S.
575 3118 745 3182 Francisci
779 3117 916 3181 Xaverii
941 3117 1152 3195 existentem,
1179 3115 1265 3179 sesto
1298 3118 1328 3181 S.
1363 3119 1507 3183 Matbaei
1544 3122 1701 3208 Apostoli

362 3225 483 3289 eodem
512 3245 612 3302 anno,
629 3224 809 3288 transferre
834 3224 1037 3308 procuravit.
1064 3223 1205 3288 Mathias
1232 3224 1410 3309 Gregorius
1436 3228 1594 3312 Garnysz,
1621 3251 1695 3297 suc-

361 3350 476 3398 cessar
501 3334 649 3418 episcopi
674 3332 968 3407 Alexandrowicz,
994 3331 1108 3395 itidem
1127 3332 1359 3396 Kochnowski
1384 3332 1571 3399 Officialem
1599 3358 1694 3403 suum

285 3496 289 3505 .
358 3441 550 3526 generalem
575 3440 699 3505 habuit.
725 3441 807 3504 Cum
833 3460 916 3503 vero
942 3440 1053 3523 potior
1077 3459 1154 3524 pars
1179 3440 1357 3503 Dioecesis
1381 3440 1591 3508 Chelnrensis
1609 3464 1695 3529 quae

358 3558 434 3634 post
457 3549 597 3633 primam
633 3548 962 3612 dismembrationem
988 3547 1150 3612 l'oloniae
1175 3547 1292 3611 ditioni
1319 3548 1516 3615 Austriacae
1542 3553 1694 3634 subjace-

356 3659 422 3731 bat,
462 3665 594 3720 mortuo
640 3656 810 3739 Episcopo
850 3654 1132 3722 Alexandrowicz
1164 3657 1224 3718 sub
1246 3654 1512 3736 jurisdictionem
1538 3660 1696 3746 Episcopi

355 3764 628 3850 Praemysliensis
654 3764 809 3840 venisset,
836 3762 1067 3827 Kochnowski
1092 3764 1134 3826 ab
1172 3762 1340 3846 episcopis
1365 3765 1693 3849 praemysliensibus:

355 3870 486 3936 Kierski
511 3881 545 3935 et
570 3871 742 3947 Betariski,
769 3880 802 3933 et
827 3889 888 3953 pro
921 3871 985 3936 hac
1019 3879 1114 3953 parte
1148 3872 1306 3952 antiquae
1332 3869 1691 3938 dioecesistelmen-

353 3980 397 4043 sis
422 3978 581 4045 Officialis
607 3979 781 4043 Generalis
806 3985 938 4044 creatus
957 3976 1025 4041 luit.
1073 3979 1133 4043 Vir
1156 3979 1256 4042 animi
1283 3977 1395 4056 vividi,
1422 3980 1544 4044 laboris
1561 4000 1688 4061 amans,

355 4087 533 4164 studiosus,
559 4088 702 4173 negotiis
727 4087 905 4151 Dioecesis
930 4096 963 4148 et
989 4084 1130 4169 Capituli
1170 4084 1372 4150 chelmensis
1411 4094 1479 4150 turn
1519 4090 1689 4173 utriusque

352 4194 491 4281 Collegii
516 4195 712 4278 Capitularis
737 4204 770 4257 et
796 4193 981 4259 academici
1013 4194 1250 4269 zamoscensis,
1293 4193 1362 4257 lere
1387 4214 1520 4278 semper
1544 4196 1690 4282 implica·

352 4312 415 4367 tus.
465 4303 502 4366 In
529 4301 762 4367 contrahendo
801 4300 1015 4365 matrimonio
1046 4301 1221 4383 Capitanei
1248 4300 1420 4364 Belz'ensis
1445 4302 1588 4369 l'otocki
1613 4326 1689 4371 cum

349 4407 515 4473 Gertrude
541 4409 796 4486 Komorowska,
833 4419 866 4471 et
892 4426 994 4473 causa
1019 4407 1142 4470 exinde
1169 4414 1289 4470 exorta
1312 4428 1390 4471 suas
1424 4419 1539 4493 partes
1563 4412 1686 4478 habuit.

349 4516 450 4583 Multa
480 4518 610 4602 scripsit
634 4527 668 4581 et
692 4527 775 4602 typo
802 4516 914 4593 edidit,
941 4535 1099 4600 supresso
1124 4535 1187 4579 suo
1213 4516 1361 4587 nornine,
1402 4526 1470 4580 tam
1509 4518 1610 4584 lidem
1636 4542 1688 4584 or-

345 4626 531 4690 thodoxam
569 4626 696 4690 tuendo
736 4646 835 4707 quam
876 4625 985 4688 varias
1012 4645 1131 4690 causas
1156 4622 1394 4707 promovendo
1419 4637 1518 4708 prout
1542 4627 1584 4692 de
1609 4630 1683 4713 ipso

344 4734 433 4798 Acta
469 4735 530 4799 Ac.
557 4734 664 4798 Gonu.
690 4733 878 4815 loquantur.
928 4733 1082 4798 Actionis
1108 4734 1179 4797 eius
1205 4740 1392 4815 praeterea,
1434 4753 1500 4815 qua
1535 4732 1686 4803 officialis

344 4848 377 4900 et
405 4838 589 4904 Visitatoris
613 4839 787 4904 Generalis
812 4840 1049 4911 Ecclesiarum,
1066 4840 1300 4905 Voluminibus
1324 4860 1460 4915 novem,
1486 4850 1537 4905 sat
1562 4846 1684 4929 spatio·

341 4947 393 5024 sis,
418 4948 559 5013 Arcltivi
584 4947 726 5013 Consist.
755 4947 977 5026 Lublinensis,
1016 4951 1270 5033 comprehensa.
1307 4950 1396 5014 Obiit
1421 4950 1682 5021 Crasnostaviae
