3922 5386
1545 278 1587 346 35

252 476 354 543 ficari
378 500 437 562 pro
457 478 607 565 Gregorii
631 474 758 542 docere
774 477 947 559 incipietis
988 478 1122 541 Interea
1138 475 1386 552 meditabimini,
1412 478 1467 562 qui
1492 477 1587 539 vobis

252 587 432 670 scriptores
457 608 545 671 quae
571 594 660 650 artes
686 585 870 649 tradendae
897 595 997 669 atque
1023 583 1243 667 explicandae
1267 594 1374 647 erunt.
1422 585 1585 649 Curabitis

255 703 290 757 ut
314 695 518 778 exemplaria
544 715 660 758 eorum
687 693 847 755 librorum
873 712 958 777 quos
975 692 1232 774 interpretaturi
1257 692 1586 774 estis.imprimantur

254 822 352 884 quem
378 803 410 864 iu
438 823 531 865 usum
556 801 806 886 Typographus
832 820 851 862 a
875 821 927 862 me
948 802 1014 864 nuc
1030 798 1261 863 advocabitur.
1300 800 1432 863 Artium
1449 819 1586 883 quoque

254 917 287 970 et
313 910 491 972 authorum
526 909 663 972 uomina
697 928 783 993 quos
815 907 1014 990 explicaturi
1046 907 1135 981 estis,
1170 907 1334 990 simulque
1359 907 1496 970 scholae
1523 906 1587 969 lor-

254 1013 377 1077 mulam
403 1016 638 1098 praescribetis
663 1022 697 1078 et
721 1014 982 1099 promulgabitis.
1017 1014 1104 1077 Date
1129 1013 1227 1096 igitur
1252 1033 1390 1096 operam
1416 1024 1450 1076 ut
1472 1034 1589 1098 quani·

255 1121 396 1205 primum
422 1125 573 1188 veniatis.
608 1125 700 1187 Bene
727 1122 848 1185 valete.
883 1122 1061 1185 Zamoscio
1077 1120 1186 1185 XVIII
1213 1120 1412 1186 Novembris
1428 1123 1530 1185 Anno
1546 1122 1585 1185 D.

258 1230 429 1297 1593-1).
443 1234 482 1297 D.
495 1233 653 1297 V·rarum
670 1233 809 1297 Amicus
824 1233 921 1316 Joan.
937 1231 1119 1316 Zamoyski
1136 1231 1320 1295 Cancellar.
1338 1241 1371 1293 et
1387 1231 1487 1316 g·nal.
1505 1232 1585 1315 Cap.

575 1340 751 1423 Inscriptio
777 1340 896 1403 eadem
921 1359 1009 1424 quae
1034 1339 1215 1422 superioris
1238 1339 1418 1421 Epistolae.

574 1450 771 1513 Extractum
806 1456 839 1510 et
874 1447 1079 1531 descriptum
1112 1467 1154 1509 ex
1188 1446 1390 1510 authenticis
1420 1447 1589 1530 exempla·

468 1555 558 1618 ribus
582 1576 669 1640 quae
694 1563 896 1619 aservantur
911 1556 944 1618 in
962 1556 1046 1620 cista
1069 1553 1276 1619 Academiae
1291 1554 1526 1618 Zamoscensis
1552 1551 1586 1637 ³).

365 1661 496 1746 Reliqui
522 1663 743 1739 Professores,
778 1684 838 1726 seu
863 1662 997 1726 aliunde
1024 1664 1146 1738 vocati,
1172 1683 1233 1724 seu
1258 1661 1374 1739 studiis
1398 1662 1431 1724 in
1456 1662 1588 1726 Acade-

258 1767 322 1828 mia
346 1766 522 1851 diligenter
547 1772 675 1834 exactis
700 1772 857 1855 vitaeque
883 1790 1072 1833 aemorum
1098 1771 1277 1832 honestate
1302 1770 1445 1852 probata
1469 1770 1589 1833 Cathe-

258 1872 324 1935 dris
362 1874 568 1940 Academiae
609 1876 731 1952 idonei,
771 1898 814 1940 ex
846 1884 958 1939 mente
1000 1876 1203 1940 Fundatoris
1243 1876 1498 1939 associabantur
1529 1896 1589 1959 per

257 1980 504 2060 scholasticum,
532 2005 608 2049 curn
629 1984 757 2065 judicio
783 1983 992 2068 consilioque
1018 1983 1154 2066 capituli
1180 1992 1213 2045 et
1237 1982 1451 2047 Academiae.
1500 1986 1589 2064 Quo-

259 2108 329 2149 rum
356 2090 502 2167 nomina,
537 2091 670 2155 labores
704 2101 738 2154 et
762 2090 871 2155 studia
895 2092 927 2154 in
952 2092 1040 2155 hanc
1074 2090 1304 2166 Academiam,
1332 2100 1366 2153 ut
1391 2100 1507 2173 gratae
1533 2111 1590 2174 po·

186 2178 188 2187 '
258 2194 396 2258 steritati
432 2198 539 2279 palam
574 2199 703 2263 fierent:
744 2199 878 2282 placuit,
912 2218 980 2281 qua
1004 2217 1046 2260 ex
1071 2198 1165 2262 Actis
1190 2196 1347 2282 Alboque
1374 2196 1589 2273 Academiae,

260 2325 328 2388 qua
360 2328 403 2369 ex
438 2310 637 2372 recensione
677 2309 892 2392 superstitum
933 2309 1078 2370 virorum
1119 2307 1376 2372 clarissimorum
1417 2308 1590 2391 utriusque
1664 2372 1670 2383 ‚

259 2410 408 2497 Collegii:
439 2416 526 2480 hanc
551 2417 747 2483 eorumdem
773 2415 1079 2499 Anacephaleosim
1112 2426 1308 2480 contexere:
1349 2415 1519 2499 Librpque
1544 2416 1590 2477 in·

259 2520 415 2585 scribere:
442 2544 485 2585 ex
510 2546 578 2609 qua
602 2526 761 2590 advertas
785 2533 818 2587 et
844 2523 1032 2586 vocationis
1056 2523 1264 2607 singulorum
1289 2523 1420 2599 seriem,
1447 2530 1480 2583 et
1500 2521 1591 2584 labo·

260 2648 332 2690 rum
358 2629 573 2696 Universitati
605 2634 834 2717 impensorum
868 2640 1009 2714 tempus,
1045 2641 1078 2693 et
1102 2632 1269 2693 honorum
1305 2629 1531 2705 eminentiam,
1557 2638 1590 2690 et

259 2737 370 2799 obitus
395 2746 528 2804 metam:
557 2752 590 2803 ut
615 2740 751 2825 quidem
776 2739 950 2822 proximae
975 2738 1118 2821 paginae
1144 2746 1421 2801 commonstrant.
