3978 5394
398 385 440 454 ab
986 405 1183 453 sacramur.

395 575 568 633 facinoribus
601 590 636 632 ac
669 575 829 631 criminibus
855 574 1042 641 Magistratus
1070 577 1177 639 Civilis.
1209 579 1281 635 alias
1305 578 1388 645 juxto
1414 581 1627 651 dispositionem
1651 583 1730 640 duris

397 665 555 722 Communis
574 664 673 731 Regni.
712 663 905 721 scholasticus
934 679 1006 720 nunu
1035 666 1147 732 quidem
1176 669 1199 722 is
1218 670 1280 736 erit,
1308 681 1390 735 quom
1418 673 1478 739 ipse
1507 671 1649 742 delegere,
1668 680 1732 745 post

397 769 458 809 oum
478 754 617 821 deligatur
636 757 744 809 ratione
764 755 943 823 praescripta
962 756 990 811 iu
1009 754 1186 811 Fundationo
1207 755 1356 814 Ecclesiae
1376 773 1463 829 supra
1481 773 1662 833 memoratae,
1695 780 1729 818 es

396 843 601 915 professoribus
621 845 664 898 vir
683 844 783 898 doctus
802 844 831 897 et
849 845 989 911 emeritus,
1018 843 1143 899 bonestis
1162 848 1308 914 praeditus
1327 849 1450 906 muribus
1469 856 1497 905 ct
1516 854 1732 910 existimatione.

395 934 539 1002 'fireoiogo
565 939 593 987 et
618 931 696 989 Juris
723 932 856 988 Canonici
881 932 999 988 Ductori
1023 934 1164 1002 stipendia
1182 934 1365 993 Reuerendus
1402 940 1538 997 Dominus
1566 944 1732 1001 Nominatus

398 1023 555 1094 Episcopus
576 1022 759 1089 Cbelmeusis,
793 1024 821 1075 et
853 1020 959 1076 eiectus
992 1020 1088 1078 Abbas
1109 1022 1294 1081 comenensis
1323 1026 1461 1096 Georgius
1489 1031 1631 1089 Zamoiski
1652 1033 1732 1102 justa

397 1112 575 1180 stabiliaque,
596 1124 666 1178 quae
682 1108 1081 1181 pietasejusest,constituet.
1111 1111 1197 1179 Cujus
1208 1116 1338 1183 promissi
1357 1118 1446 1187 ipsius
1457 1119 1523 1176 toiis
1535 1127 1578 1177 est
1587 1123 1623 1178 ab
1634 1125 1732 1180 eodem

398 1202 510 1272 prodita
528 1202 691 1271 descriptio.
730 1199 868 1267 Georgius
888 1198 1030 1255 Zamuiski
1050 1200 1216 1257 Nominatus
1236 1201 1396 1275 Episcopus
1422 1206 1597 1266 Cheimensis
1625 1219 1653 1268 et
1672 1215 1733 1270 aie·

399 1296 461 1347 ctus
480 1291 577 1347 Abbas
596 1291 789 1347 Cervenonsis.
829 1287 975 1346 Universis
1001 1292 1029 1344 et
1054 1290 1171 1358 singuiis
1197 1305 1312 1358 quorum
1331 1296 1449 1352 interest
1467 1300 1602 1367 significo:
1627 1317 1672 1359 ma
1686 1318 1734 1360 se-

400 1386 493 1437 cutum
512 1380 697 1436 illustrissimi
716 1381 828 1436 Domini
856 1379 890 1433 de
916 1392 960 1434 me
988 1381 1092 1448 uptirue
1117 1382 1209 1436 meriti
1228 1381 1352 1454 Joauuls¹
1369 1385 1512 1456 Zamoislri
1532 1391 1567 1445 de
1585 1391 1733 1449 Zamoscie

399 1470 527 1542 Supremi
547 1470 639 1538 Regni
659 1469 829 1526 Canceiiarii
855 1473 883 1521 et
908 1466 1091 1525 Exercituum
1117 1470 1205 1527 Ducis
1230 1473 1364 1542 pietatem
1391 1478 1418 1530 in
1435 1476 1563 1535 Patriam
1582 1495 1671 1551 suam,
1690 1491 1736 1540 at-

400 1574 453 1627 que
473 1562 500 1615 in
519 1559 732 1629 itenpubiican
753 1557 927 1625 Universum,
947 1572 1053 1614 omnem
1074 1561 1203 1616 daturum
1223 1576 1345 1631 operam,
1366 1571 1395 1618 ut
1414 1572 1522 1623 certam
1536 1582 1653 1636 eousque
1669 1587 1735 1642 per-

400 1655 512 1721 petuam
532 1650 639 1706 duobus
659 1648 828 1707 Ductoribus
848 1650 1011 1717 pensionem
1033 1650 1167 1707 videlicet
1189 1650 1340 1719 l'beoiogo,
1368 1660 1396 1708 ei
1422 1653 1501 1711 Juris
1521 1657 1655 1715 Canonici
1675 1663 1734 1719 Do·

401 1741 473 1795 ctori
493 1740 669 1805 constituam,
690 1738 778 1803 deque
798 1750 833 1792 ea
849 1735 914 1803 jure
934 1750 1060 1793 caveam.
1081 1740 1132 1809 Qui
1152 1742 1263 1806 quidem
1288 1741 1428 1798 Doctores
1457 1745 1485 1799 in
1504 1745 1660 1805 Academia
1679 1749 1736 1806 Za-

402 1829 541 1883 mosceusi
560 1834 675 1893 uterque
696 1824 899 1895 proiessionem
918 1826 1055 1882 seleutias
1075 1828 1276 1896 doctrinaeque
1296 1843 1373 1898 suae,
1393 1844 1446 1898 quo
1465 1840 1596 1903 poterunt
1615 1850 1737 1896 accura-

400 1920 507 1973 tissime
527 1918 619 1972 studio
639 1916 762 1972 obibunt:
795 1929 858 1970 curn
877 1914 970 1970 altera
996 1915 1093 1972 barum
1119 1930 1191 1985 quoe
1227 1917 1401 1987 Tireoiogiae
1437 1927 1480 1978 est
1512 1924 1737 1984 adfirmandum

404 2008 486 2063 iidem
504 2006 683 2074 catholicam,
703 2005 916 2072 haereticosque
937 2006 1134 2062 devinciendos
1154 2009 1303 2078 pertineat
1330 2009 1422 2067 altera
1441 2024 1512 2078 quae
1532 2015 1569 2070 ad
1589 2018 1682 2085 vitam,
1702 2031 1737 2074 ac

404 2097 529 2152 ordinem
550 2102 577 2151 et
594 2095 818 2164 jurisdictionem
838 2100 975 2166 spectent,
995 2098 1144 2153 contineat.
1182 2098 1262 2168 Quod
1279 2113 1322 2153 me
1342 2099 1481 2157 facturum
1500 2118 1572 2172 esse,
1595 2110 1738 2176 praesenti

402 2200 464 2241 meo
483 2187 599 2256 scripto,
627 2187 757 2255 promitto
778 2189 806 2239 et
824 2183 957 2254 spondeo,
981 2191 1009 2239 et
1028 2199 1126 2241 manus
1150 2200 1230 2242 meae
1249 2188 1464 2260 subscriptione,
1484 2205 1519 2247 ac
1537 2191 1629 2261 Sigilli
1648 2210 1738 2267 appo·

358 2308 360 2313 ·
401 2278 511 2344 sitione,
531 2277 671 2331 confirmo.
699 2277 804 2332 Datum
831 2274 971 2331 Zamoscii
991 2275 1036 2331 die
1057 2275 1081 2330 V
1101 2275 1207 2332 Mensis
1220 2274 1299 2347 iulii,
1318 2279 1399 2335 Anno
1420 2280 1533 2337 Domini
1569 2284 1608 2341 M.
1623 2286 1657 2343 D.
1673 2286 1740 2343 C.-

404 2366 484 2435 Quod
504 2378 569 2420 vero
596 2365 632 2421 ad
659 2365 782 2432 reliquos
809 2377 903 2419 omnes
928 2363 1110 2420 Professores
1130 2367 1232 2421 attinet
1255 2381 1289 2421 es
1309 2367 1480 2425 Bukowinae
1500 2370 1585 2427 villae
1604 2380 1739 2442 proventu

403 2455 511 2511 salaria
529 2469 580 2510 sua
600 2457 750 2525 accipient,
778 2456 824 2522 qui
844 2453 954 2520 quidem
973 2461 1124 2524 proventus
1143 2457 1167 2510 si
1186 2456 1224 2512 ad
1243 2458 1382 2524 integram
1401 2458 1566 2516 solutionem
1585 2477 1640 2518 non
1658 2470 1741 2533 pote·

405 2550 470 2601 runt
487 2542 627 2613 sufficere,
645 2546 674 2601 id
693 2560 728 2600 ex
748 2559 816 2601 arca
834 2558 899 2600 mea
918 2545 1079 2615 depromam
1100 2552 1127 2601 et
1147 2547 1284 2615 exolvunt,
1311 2549 1401 2604 donec
1420 2549 1478 2607 aila
1498 2552 1570 2608 bona
1590 2567 1739 2625 compara-

407 2636 451 2704 bo,
470 2640 499 2691 et
518 2651 569 2706 pro
588 2649 639 2691 usu
661 2637 833 2693 Academiae
853 2634 1014 2703 adjungam.
1052 2636 1132 2706 Quod
1154 2636 1265 2693 simili
1290 2640 1368 2708 prius
1394 2640 1507 2707 aliquod
1533 2640 1646 2698 humaui
1671 2659 1740 2700 con·

405 2727 537 2793 tingeret,
565 2725 683 2783 Tutores
703 2725 751 2781 iiiii
770 2729 825 2781 mei
844 2740 878 2782 ea
906 2739 940 2780 er
970 2726 1105 2781 reditibus
1131 2727 1264 2789 bonorum
1284 2742 1407 2784 meorum
1426 2742 1508 2796 quarn
1528 2734 1646 2801 primum
1665 2748 1741 2788 corn·

406 2817 556 2889 parabunt,
575 2817 801 2883 Academiaeque
821 2817 938 2873 inscribi
957 2817 1094 2873 curabunt
1118 2819 1170 2874 sub
1197 2819 1401 2876 conditionibus
1426 2836 1513 2893 supra
1531 2821 1625 2879 dictis.
1662 2824 1741 2883 Boua

407 2906 580 2964 Academiae
599 2906 791 2965 Scirolasticus
811 2923 844 2963 ex
864 2909 1003 2963 sententia
1023 2908 1145 2978 Capituli
1165 2909 1379 2978 administrabit,
1399 2910 1665 2980 Professoribusque
1680 2928 1742 2971 curn

406 2996 528 3053 flectcre
562 2999 701 3069 stipendia
733 3000 815 3054 statis
843 2998 1014 3067 temporibus
1042 2996 1244 3054 adnumerabit
1282 2999 1439 3056 Curandum
1469 3014 1535 3056 vero
1564 3004 1626 3070 erit,
1660 3005 1741 3071 idque

406 3101 514 3143 summa
534 3102 603 3144 cura
636 3094 664 3144 et
696 3090 787 3145 studio
816 3088 993 3146 Scholastica
1021 3092 1049 3141 et
1077 3086 1194 3144 Recturi
1213 3088 1394 3157 Academiae,
1423 3094 1452 3145 ut
1479 3091 1629 3157 diiigenter
1647 3091 1744 3161 lingua

406 3191 513 3241 graeca
532 3181 561 3232 et
580 3177 668 3234 latina
687 3192 722 3234 ac
741 3184 818 3234 artes
846 3179 1060 3247 suprascriptae
1089 3178 1251 3245 doceantur,
1279 3178 1396 3233 studiosi
1422 3182 1448 3233 in
1469 3180 1561 3236 officio
1581 3183 1743 3238 continean-

406 3272 461 3334 tur,
481 3267 654 3335 modestiam,
673 3267 913 3334 tranquillitatem,
932 3279 1040 3336 pacem,
1059 3267 1248 3334 concordiam,
1266 3269 1490 3337 temperantiam,
1518 3283 1610 3324 mores
1639 3271 1675 3326 ad
1696 3285 1745 3326 ur·

408 3356 562 3411 bonitatem
581 3358 761 3426 compositos,
790 3357 876 3412 musis
904 3355 1074 3411 deditionem
1102 3356 1216 3426 propria
1236 3368 1308 3423 esse,
1337 3354 1466 3423 doceant3
1494 3360 1639 3414 contraria
1661 3358 1743 3425 longe

408 3445 444 3501 ab
465 3447 506 3501 eis
525 3444 690 3512 abborrere;
716 3444 819 3502 fontem
840 3459 906 3501 vero
926 3445 1108 3513 hauriendae,
1134 3446 1399 3517 comparandaeque
1425 3448 1592 3516 sapientiae,
1617 3450 1743 3504 timorem

408 3538 597 3591 venerationis
615 3535 728 3607 plenum
747 3538 840 3592 omnia
859 3538 962 3593 tuentis
990 3540 1019 3591 ei
1046 3535 1177 3591 donantis
1215 3536 1278 3605 Dei,
1300 3550 1371 3591 esse.
1402 3537 1470 3593 Cum
1489 3542 1582 3592 autern
1602 3539 1630 3592 ln
1649 3553 1744 3594 omnes

410 3630 506 3694 partos
528 3626 646 3695 intersit,
667 3626 740 3682 bona
759 3638 830 3693 quae
850 3640 936 3697 supra
955 3626 1117 3681 nominatim
1135 3627 1263 3680 recensui
1283 3624 1433 3681 donavisse
1453 3640 1497 3681 ma
1522 3624 1591 3683 lure
1610 3632 1745 3697 perpetuo

411 3711 581 3770 Academiae
601 3715 782 3772 Zamosceusi
803 3717 830 3770 in
849 3715 988 3771 Doctores
1007 3718 1036 3769 et
1055 3714 1219 3781 Magistros,
1246 3720 1275 3769 ut
1301 3714 1379 3769 firma
1397 3714 1566 3782 stabiliaque
1586 3716 1651 3785 sint,
1675 3730 1745 3772 cau-

409 3808 465 3858 tum
485 3806 513 3856 et
531 3807 669 3859 sancitum
688 3818 752 3860 esse
773 3804 845 3871 volo,
864 3808 892 3858 et
911 3817 1009 3871 cuneo,
1035 3805 1197 3871 saucioque,
1217 3807 1246 3858 ut
1272 3817 1306 3857 ne
1325 3802 1516 3873 praefatorum
1534 3803 1668 3860 bonorum
1688 3804 1746 3863 llu-

411 3892 523 3948 kowina
542 3896 570 3947 et
587 3893 714 3961 aliorum,
734 3906 805 3961 quae
825 3909 842 3950 a
861 3909 904 3950 me
925 3892 968 3949 vei
988 3908 1005 3948 a
1024 3893 1174 3950 Tutoribus
1203 3891 1400 3959 emungentes,
1420 3894 1539 3959 quidque
1559 3908 1593 3948 er
1605 3892 1648 3948 llis
1667 3895 1746 3949 bonis

411 3980 604 4039 Scholasiieus
623 3988 651 4038 et
671 3983 838 4055 Capitulum,
857 3997 892 4039 ao
911 3982 1017 4040 ilector
1036 3996 1098 4037 oum
1118 3982 1274 4039 Academia
1294 3981 1351 4037 ulla
1369 3983 1487 4049 ratione,
1520 3980 1577 4037 uilo
1597 3982 1691 4038 colore
1711 3984 1747 4039 ab

411 4069 523 4126 bumanl
542 4072 646 4138 ingenii
666 4074 728 4128 acie
749 4070 886 4142 profecto,
905 4078 954 4128 aut
972 4071 1100 4142 periculi,
1126 4074 1176 4126 aut
1193 4068 1311 4136 majoris
1330 4069 1516 4137 emolumenti,
1535 4069 1665 4126 utilitatis
1684 4070 1748 4140 loci,

411 4160 627 4214 necessitatisve
645 4162 740 4229 specie
756 4159 959 4227 cujuscunque,
974 4158 1105 4227 alienent,
1117 4158 1246 4225 vendant,
1266 4162 1441 4227 commutant,
1457 4160 1651 4228 oppignerant,
1670 4173 1748 4216 man·

411 4249 513 4316 cipeni,
533 4246 624 4303 ullave
643 4248 814 4315 obligatione
834 4249 1018 4313 obstringant
1047 4246 1289 4313 successoresque
1307 4249 1362 4303 mei
1381 4249 1410 4302 in
1428 4262 1491 4303 eam
1510 4263 1568 4304 rem
1583 4262 1749 4305 consensum

411 4340 439 4389 ot
458 4335 615 4404 Episcopus
641 4352 675 4393 ne
701 4338 776 4406 dent,
804 4343 832 4392 et
858 4339 883 4392 si
902 4337 1052 4404 quidquam
1072 4340 1180 4400 contra,
1206 4340 1289 4401 utque
1317 4337 1380 4390 cavi
1405 4340 1433 4391 et
1452 4338 1542 4402 sanxi,
1562 4338 1624 4393 ausi
1644 4335 1749 4393 luerint

412 4428 561 4491 attentare,
580 4425 696 4495 perinde
716 4425 873 4482 babendum
893 4426 1023 4493 decerno,
1050 4430 1133 4491 atque
1154 4437 1188 4480 ea
1214 4436 1285 4490 quae
1305 4423 1380 4479 nullo
1397 4424 1461 4491 jure
1482 4424 1560 4481 facia
1585 4430 1614 4481 et
1633 4425 1668 4480 ob
1687 4439 1749 4481 carn

412 4528 470 4568 rem
489 4515 571 4569 irrita
591 4514 736 4581 bohemum
756 4515 784 4570 id
804 4515 878 4582 quod
898 4515 1023 4570 omnibus
1042 4513 1268 4579 Magistratibus,
1294 4513 1421 4569 omnibns
1448 4519 1475 4568 et
1500 4513 1618 4581 singuiis
1637 4512 1748 4579 Judjci·

412 4602 464 4658 bus
483 4603 624 4671 denuntia
643 4619 691 4659 eos
711 4617 777 4660 vero
797 4617 866 4671 quos
885 4618 971 4674 penes
990 4618 1083 4658 rerum
1102 4600 1293 4673 Spiritualiurn
1312 4602 1554 4671 saeculariumque
1573 4617 1679 4659 sumina
1694 4618 1746 4673 po·

413 4695 503 4747 testas
523 4696 574 4759 est,
593 4708 644 4763 per
662 4693 752 4749 Sacra
771 4694 872 4757 urnula,
890 4707 942 4762 per
960 4690 1092 4748 Judiuem
1111 4690 1222 4746 humani
1242 4692 1354 4756 generis
1373 4690 1521 4747 Dominum
1538 4691 1643 4757 lesuin,
1663 4689 1749 4758 Cujus

413 4782 483 4837 baeu
502 4784 595 4838 omnia
613 4782 720 4849 gloriae
741 4783 843 4850 dicavi,
863 4783 996 4847 obtestor,
1017 4787 1045 4836 ot
1065 4794 1099 4836 ne
1118 4782 1276 4835 carrtioueru
1296 4778 1368 4835 banc
1384 4782 1575 4846 sancitamque
1595 4792 1685 4836 meum
1704 4781 1749 4834 iu·

408 4870 540 4940 fringens,
568 4871 737 4927 tentantibus
764 4871 921 4938 suffragari,
949 4871 1090 4937 assentiri,
1119 4866 1373 4935 authoritatamqne
1403 4883 1484 4926 suam
1511 4866 1620 4924 addere
1648 4866 1745 4933 voliut;
