3922 5386
379 383 421 450 66

487 576 673 660 Joannes
697 575 948 641 Fridericus
978 577 1159 654 Human,
1196 577 1429 661 Philosophiae
1467 577 1713 642 Baccalaureus

382 690 502 763 postea
526 683 664 748 Doctor.
690 683 843 747 Vocatus
870 684 953 748 1771
979 704 1032 747 an.
1059 694 1092 746 et
1116 684 1235 747 missus
1264 684 1350 748 sicut
1376 683 1549 747 Professor
1582 683 1625 748 ad
1660 704 1715 747 co·

383 788 505 852 loniam
531 788 747 875 Olycensem.
773 791 969 855 Revocatus
994 792 1205 856 Zamoscium
1232 790 1328 869 1773,
1367 802 1443 875 post
1468 802 1617 856 amotum
1642 794 1715 857 Sto-

377 897 480 977 jecki,
511 899 711 984 Analogiam
737 898 863 981 docuit;
888 899 947 962 sed
972 899 1066 962 brevi
1092 900 1135 962 ob
1161 899 1356 963 continuam
1391 898 1625 974 infirmitatem,
1661 898 1714 962 die

382 1003 400 1067 7
426 1004 491 1067 Μ31
518 1005 681 1070 1771311.
708 1005 892 1070 cathedrae
919 1005 1088 1069 valedixit.
1137 1006 1288 1069 Relictus
1319 1015 1432 1069 tamen
1464 1006 1497 1067 in
1528 1006 1716 1070 Academia

380 1130 441 1193 pro
466 1111 624 1196 Magistro
650 1112 782 1198 linguae
807 1112 958 1198 gallicae,
997 1133 1099 1197 quarn
1125 1113 1166 1176 ad
1192 1132 1317 1176 armum
1343 1110 1428 1177 1779
1454 1114 1655 1196 exponebat,
1681 1122 1715 1175 et

381 1217 517 1281 tandem
555 1221 621 1283 hoc
660 1239 759 1298 annu,
800 1221 842 1283 ob
878 1219 1040 1283 infirmam
1078 1218 1315 1295 valetudinem,
1356 1217 1577 1283 Academiam
1625 1218 1715 1283 dirui·

381 1326 432 1389 sit.
463 1323 530 1409 ¹⁰²).

486 1434 745 1498 Franciscus
792 1433 989 1499 Salesius
1029 1433 1275 1498 Stanislaus
1322 1431 1518 1516 Slupski,
1567 1432 1715 1497 Philoso-

381 1544 479 1627 phiae
504 1544 645 1608 Ductor.
671 1543 824 1608 Vocatus
849 1564 891 1606 ex
916 1542 1091 1607 academia
1115 1543 1330 1607 Cracoviensi
1356 1563 1446 1605 armo
1473 1543 1568 1619 1771,
1604 1552 1636 1605 et
1661 1541 1714 1605 die

380 1653 529 1738 Januarii
555 1654 633 1715 armi
657 1654 811 1735 proxime
828 1652 1000 1737 sequentis
1017 1652 1049 1714 in
1065 1651 1295 1715 Professorem
1321 1652 1510 1717 Matheseos
1534 1651 1715 1729 institutum

381 1763 478 1843 cujus
517 1761 735 1844 professionis
765 1759 932 1824 Cathedra
965 1780 984 1823 a
1023 1770 1130 1823 morte
1170 1760 1254 1824 Clar.
1295 1761 1448 1824 Stauislai
1486 1761 1715 1825 Dunczewski

380 1869 498 1951 (1767)
522 1878 652 1931 tantum
677 1868 779 1931 modo
804 1868 1018 1931 substitutum
1047 1869 1171 1931 habuit.
1219 1868 1304 1943 Fuit,
1327 1867 1425 1949 juxta
1450 1876 1527 1931 acta
1550 1866 1717 1931 academi-

382 1996 431 2053 ca,
457 1978 610 2062 egregius
635 1976 828 2040 Matheseos
852 1974 1035 2040 Professor.
1063 1975 1099 2038 ln
1131 1975 1305 2039 academia
1333 1976 1550 2040 Zamoscensi
1576 1974 1716 2058 151111

381 2083 467 2149 1772
492 2104 545 2147 an.
570 2085 603 2146 in
627 2091 835 2168 geometram
856 2082 1005 2164 juratum
1032 2092 1176 2146 creatus.
1203 2081 1281 2145 Post
1306 2091 1448 2165 accepta
1482 2082 1603 2145 salaria
1626 2084 1657 2146 S.
1684 2082 1715 2145 S.

381 2193 496 2257 Trium
521 2193 650 2277 Regum
677 2192 761 2256 1777
788 2211 840 2254 an.
866 2191 898 2253 in
925 2198 1030 2274 quota
1055 2190 1126 2254 1101.
1152 2191 1195 2255 40
1219 2212 1267 2276 gr.
1295 2191 1345 2266 11,
1368 2190 1437 2271 jam
1471 2191 1504 2253 iu
1530 2190 1613 2254 actis
1646 2210 1714 2252 non

382 2308 595 2363 memoratur.
644 2297 863 2362 Probabiliter
896 2307 1049 2381 tempore
1076 2299 1207 2361 aestivo
1233 2297 1286 2360 vel
1311 2295 1495 2360 autumnali
1538 2295 1622 2362 1776
1661 2315 1714 2360 an.

381 2405 590 2471 academiam
614 2403 744 2468 dimisit.
777 2401 843 2487 ¹⁰³).

488 2512 751 2577 Franciscus
776 2511 1062 2575 Wentrobski
1089 2511 1155 2574 vel
1187 2510 1443 2586 Watrobka,
1479 2510 1714 2594 Philosophiae

381 2623 511 2686 Doctor
536 2641 577 2684 ex
604 2620 830 2684 Universitate
868 2620 1084 2684 Cracoviensi
1123 2618 1314 2684 conductus
1346 2629 1379 2681 et
1413 2618 1467 2682 die
1501 2618 1543 2684 30
1570 2618 1715 2703 Augusti

384 2727 468 2794 1772
493 2747 546 2790 an.
573 2726 746 2790 Professor
771 2724 959 2811 Analogiae
984 2727 1016 2790 in
1041 2725 1227 2790 Academia
1252 2726 1464 2799 constitutus
1490 2727 1592 2790 Anno
1619 2725 1714 2791 1773.

383 2835 513 2899 Poesim
537 2836 570 2897 in
595 2834 715 2898 eadem
741 2833 896 2910 docebat,
923 2854 1012 2897 anuo
1038 2855 1121 2897 vero
1150 2835 1233 2899 1775
1258 2835 1291 2897 in
1311 2834 1397 2919 Julio
1421 2834 1626 2898 Rhetorices
1643 2854 1716 2918 pro-

383 2943 490 3007 fessor
514 2941 632 3006 factus.
682 2942 711 3005 A
736 2953 889 3025 tempore
914 2950 1027 3004 tamen
1052 2942 1266 3006 vacationum
1291 2941 1492 3005 aestivarum
1517 2942 1615 3023 hujus
1645 2942 1716 3006 ulti·

384 3051 426 3113 mi
450 3049 528 3112 anni
553 3067 617 3112 nec
641 3048 674 3111 in
696 3049 791 3113 Actis
816 3049 877 3112 Ac.
904 3050 1020 3125 llonv„
1057 3050 1178 3111 necin
1203 3049 1369 3133 Regestro
1405 3050 1553 3130 Quaest,
1590 3050 1716 3113 mentio

383 3156 424 3221 de
449 3155 505 3219 illo
531 3156 686 3220 occurrit.
736 3153 883 3220 Aliunde
916 3164 1049 3219 constat
1073 3154 1165 3218 illum
1190 3174 1242 3219 an.
1270 3154 1354 3220 1827
1381 3154 1483 3218 fuisse
1508 3158 1715 3220 Canonicum

384 3264 668 3345 Concionatorem
693 3263 727 3325 in
752 3261 938 3346 Collegiata
963 3260 1136 3346 Olycensi,
1178 3271 1211 3324 et
1237 3281 1327 3324 anno
1354 3260 1450 3337 1829,
1477 3260 1547 3325 lere
1577 3271 1715 3348 octoge-

385 3372 514 3435 narium
540 3370 655 3433 obiise,
686 3366 754 3451 ¹⁸⁴).

490 3477 753 3541 Franciscus
775 3474 1023 3559 Jaskulski,
1049 3476 1180 3538 Artium
1205 3475 1407 3539 Liberalium
1432 3485 1465 3537 et
1482 3475 1715 3559 Philosophiae

385 3583 618 3657 Baccalareus,
644 3603 686 3646 ex
711 3581 938 3646 Universitate
965 3582 1180 3645 Cracoviensi
1208 3581 1407 3657 conductus,
1425 3592 1459 3644 et
1473 3581 1527 3644 die
1543 3581 1585 3647 30
1600 3583 1715 3669 Augu-

384 3692 424 3755 sti
459 3690 543 3756 1772
577 3710 630 3754 an.
666 3688 837 3773 professor
875 3689 1146 3773 Orthographiae
1185 3687 1304 3752 lactus,
1342 3690 1444 3752 Anno
1484 3687 1569 3755 1773
1595 3688 1649 3753 die
1673 3691 1715 3756 24

384 3799 587 3884 Septembris
612 3796 756 3881 Olycam
781 3796 898 3859 missus
928 3795 970 3859 ad
997 3796 1257 3860 Grammaticarn
1296 3794 1497 3861 docendam.
1545 3798 1715 3862 Abeuudo

385 3904 651 3991 praecustodivit
674 3903 733 3966 sibi
758 3902 901 3965 reditum
927 3901 968 3965 ad
986 3902 1205 3967 Academiam
1230 3914 1264 3966 et
1289 3903 1400 3967 locum
1424 3904 1458 3967 in
1483 3902 1613 3968 eadem.
1649 3902 1716 3987 ¹⁰⁵).

490 4011 712 4077 Thadaeus
759 4008 967 4090 Stojecki,
1015 4011 1147 4074 Artium
1181 4009 1384 4074 Liberalium
1419 4018 1453 4074 et
1482 4009 1715 4094 Philosophiae

386 4120 607 4186 Baccalareus
633 4138 676 4180 ex
702 4116 929 4180 Universitate
969 4117 1187 4181 Cracoviensi
1227 4126 1379 4194 vocatus,
1407 4126 1440 4179 et
1463 4115 1517 4180 die
1556 4117 1598 4184 24
1637 4118 1716 4202 Sep·

382 4229 517 4293 tembris
543 4226 628 4292 1773
654 4245 705 4288 an.
732 4224 920 4309 Analogiae
946 4246 1006 4288 seu
1033 4225 1282 4289 Grammaticae
1308 4224 1482 4288 Professor
1502 4226 1714 4290 constitutus.

382 4338 417 4401 ln
434 4336 585 4400 Convoc.
612 4343 725 4395 tamen
749 4329 803 4394 die
829 4329 871 4396 23
896 4330 1054 4395 Octobris
1079 4330 1201 4395 eodem
1227 4351 1316 4395 anno
1342 4330 1385 4393 de
1411 4330 1549 4414 crapula
1569 4340 1603 4394 et
1627 4332 1715 4396 malo

380 4444 495 4508 habitu
520 4440 562 4504 ad
587 4440 785 4503 ebrietatem
803 4437 989 4513 convictus,
1009 4438 1159 4520 privatus
1176 4437 1355 4515 Cathedra,
1371 4436 1548 4501 salariatus
1563 4438 1604 4501 ab
1631 4442 1716 4504 Aca·

384 4550 504 4631 demia3
529 4567 617 4632 quae
642 4546 750 4609 eidem
776 4545 895 4624 injuxit
920 4553 1089 4628 quatenus
1116 4542 1205 4608 unde
1230 4544 1331 4622 venit,
1358 4542 1486 4608 redeat.
1517 4542 1584 4631 ⁴⁹⁰).

490 4652 732 4721 Stanislaus
782 4650 945 4728 Beisse‚
994 4651 1124 4715 Artium
1172 4651 1374 4715 Liberalium
1413 4660 1447 4713 et
1481 4650 1715 4736 Philosophiae

382 4761 613 4837 baccalareus,
654 4768 687 4821 et
725 4766 845 4841 postea
884 4756 969 4822 1776
1003 4757 1144 4833 Doctor,
1177 4778 1220 4820 ex
1246 4757 1473 4821 Universitate
1498 4759 1715 4824 Cracoviensi

381 4882 523 4936 vocatus
548 4876 582 4928 et
607 4866 660 4929 die
685 4865 727 4930 24
756 4863 958 4946 Septembris
999 4861 1084 4927 1773
1123 4882 1214 4926 anuo
1254 4862 1526 4948 Orthographiae
1562 4866 1714 4949 primum,
