3922 5386
380 336 422 402 54

383 533 568 597 absentiam
593 530 634 595 ad
660 531 894 618 resignandam
920 529 1162 615 professionem
1188 529 1228 597 31
1254 532 1362 596 Mar-tii
1388 533 1473 598 1759
1499 530 1713 607 6066111610-

382 660 458 705 cum
496 639 556 702 sibi
593 648 706 702 tamen
735 639 767 701 in
798 636 983 702 Academia
1012 645 1046 699 et
1077 638 1250 724 privilegia
1288 638 1482 701 reservavit.
1531 639 1583 701 De
1622 659 1712 703 armo

382 750 496 813 mortis
521 749 596 830 ejus
620 747 698 810 nihil
724 747 805 811 certi
830 747 982 810 habetur.
1014 742 1070 829 ¹⁴⁸)

487 855 666 921 Adamus
691 854 892 929 Lubecki,
918 853 1153 937 Philosophiae
1180 856 1309 921 Doctor
1334 863 1368 919 et
1392 854 1576 931 Professor,
1605 856 1713 921 Cano·

381 965 475 1028 nicus
499 962 733 1029 Zamosceusis
760 963 854 1027 1744.
903 963 980 1044 Quo
1005 981 1096 1024 anno
1122 972 1277 1039 vocatus,
1304 963 1477 1027 incertum.
1504 963 1594 1026 Obiit
1619 963 1712 1027 initio

381 1073 458 1136 anni
487 1071 581 1137 1750.
613 1067 680 1153 ¹⁴⁴).

481 1177 668 1263 Jacobus
714 1175 935 1253 Amlerski,
985 1176 1215 1261 Philosophiae
1261 1179 1511 1244 Baccalaureus
1536 1189 1570 1241 et
1594 1191 1714 1263 postea

380 1288 465 1353 1739
490 1287 627 1350 Doctor.
665 1285 812 1349 Poeseos
839 1283 934 1361 1737,
973 1286 1172 1350 Rhetorices
1199 1285 1293 1362 1738,
1334 1288 1479 1370 Logices
1516 1288 1602 1353 1739
1635 1288 1713 1352 Ρ10-

378 1396 495 1460 fessor.
521 1393 713 1458 Canonieus
737 1393 972 1456 Zamoscensis
997 1394 1092 1458 1735.
1118 1395 1253 1457 Author
1268 1394 1378 1477 operis
1399 1395 1483 1478 typis
1509 1396 1712 1459 2611106660-

378 1504 468 1567 sibus
493 1501 571 1565 editi
597 1499 692 1565 1739.
740 1499 906 1564 Plebanus
931 1500 962 1561 in
989 1520 1017 1582 p.
1043 1499 1207 1564 bukowa.
1245 1500 1398 1564 Vocatus
1425 1499 1467 1563 ad
1492 1499 1712 1565 Academiam

379 1609 474 1675 1737.
500 1608 590 1671 Obiit
616 1606 711 1671 1737.
739 1607 857 1670 Libros
882 1626 963 1669 suos
988 1605 1120 1689 reliquit
1144 1606 1350 1670 Academiae
1377 1616 1411 1668 et
1439 1606 1605 1690 Capitulo
1645 1605 1712 1689 Μ).

485 1713 658 1780 Michael
692 1712 741 1776 de
778 1714 894 1796 Lazy
924 1713 1226 1789 Dudczewski‚
1273 1712 1511 1796 Philosophiae
1538 1722 1571 1776 et
1594 1725 1713 1798 postea

378 1826 409 1888 S.
444 1821 653 1907 Theologiae
680 1822 818 1885 Doctor.
843 1821 962 1884 Frater
986 1839 1167 1903 germanus
1191 1820 1347 1883 Stanislai
1374 1823 1614 1887 mathematici.
1639 1824 1712 1907 Jam

377 1951 430 1995 an.
457 1928 540 1995 1731
557 1929 773 1992 substitutum
800 1926 989 2012 Analogiae
1017 1927 1149 2012 agebat.
1178 1928 1281 1991 Anno
1300 1927 1383 1992 1737
1401 1938 1553 2005 vocatus,
1571 1930 1712 2013 primum

377 2036 585 2112 Rhetorices
612 2035 757 2120 Logices
781 2044 900 2118 postea
926 2034 1022 2111 1739,
1048 2034 1206 2118 Physices
1233 2035 1328 2109 1741,
1365 2035 1589 2098 Historiarum
1615 2035 1715 2129 1144,

375 2144 511 2209 demum
535 2141 743 2226 Theologiae
768 2140 941 2205 Professor
966 2138 1035 2204 fuit.
1062 2140 1256 2204 Praefectus
1295 2141 1480 2204 Seminariii
1517 2153 1593 2224 post
1625 2143 1711 2207 Clar.

376 2251 523 2335 Wegier.
572 2251 749 2331 Quaestor,
775 2247 912 2319 flector,
946 2247 1527 2325 CanorricusZamoscensis1739,
1568 2248 1713 2313 Curatus

376 2355 712 2429 Starozamoscensis‚
752 2353 873 2417 Curiae
899 2362 933 2415 et
956 2352 1152 2416 Consistorii
1177 2353 1350 2416 Generalis
1393 2351 1605 2418 Cheimensis
1634 2357 1712 2419 Cra·

375 2464 566 2528 snostaviae
592 2461 747 2526 Notarius
779 2461 969 2536 Actuarius,
1009 2460 1201 2524 Canonieus
1240 2458 1449 2524 Cathedralis
1487 2459 1708 2525 Cheimensis.

375 2572 454 2636 Post
479 2585 531 2633 an'.
560 2567 645 2634 1752
670 2567 761 2632 nulla
785 2569 860 2650 ejus
885 2566 1010 2630 mentio
1035 2575 1102 2629 tam
1128 2567 1160 2630 in
1186 2567 1269 2630 actis
1297 2565 1500 2630 academicis
1521 2586 1620 2649 quam
1653 2569 1713 2631 Ca-

376 2679 572 2765 pitularibus
597 2678 753 2744 occurrit.
783 2679 832 2742 Ex
858 2675 1108 2740 convocatione
1133 2674 1329 2739 academica
1354 2673 1396 2739 de
1422 2673 1476 2738 die
1503 2675 1544 2740 13
1567 2676 1712 2740 Novem·

374 2788 439 2851 bris
473 2786 559 2852 1752
593 2806 645 2849 an.
682 2793 813 2849 certum
845 2791 905 2858 est,
943 2780 1032 2845 illum
1063 2781 1133 2862 J'am
1168 2789 1250 2846 tuuc
1282 2783 1441 2866 temporis
1466 2791 1636 2846 mortuum
1662 2803 1713 2845 es·

374 2916 420 2958 se·
451 2891 520 2975 rra),

480 3003 505 3065 Z
514 2999 708 3065 oltahski
732 2997 921 3083 Analogiae
945 2996 1121 3062 Professor
1147 2997 1242 3061 1737.
1274 2993 1343 3080 ¹⁴⁷).

480 3108 640 3173 Paulus
687 3103 988 3180 Rzechowski,
1036 3104 1273 3187 Philosophiae
1309 3104 1453 3168 Doctor.
1490 3105 1644 3170 Vocatus
1669 3126 1711 3170 ex

374 3213 559 3280 Academia
596 3213 814 3278 Cracovieusi
839 3211 873 3274 in
897 3210 1003 3293 Aprili
1030 3209 1115 3275 17⁴8
1140 3231 1192 3274 an.
1225 3211 1412 3297 Analogiae
1454 3212 1595 3295 primum
1636 3225 1712 3297 post

372 3323 519 3387 poeseos
546 3320 641 3395 1739,
690 3318 891 3384 Rhetorices
925 3318 1010 3383 1740
1036 3317 1219 3382 Professor.
1259 3319 1335 3399 Qua
1372 3320 1578 3404 Burgrabius
1604 3322 1711 3384 Roia-

373 3430 486 3492 nensis
511 3448 563 3491 an.
592 3426 677 3492 1748
713 3427 814 3489 habet
853 3425 1026 3510 negotium
1067 3444 1142 3488 cum
1182 3423 1369 3489 Academia
1402 3428 1585 3491 occasione
1620 3429 1710 3490 acsi

374 3535 495 3599 retenti
520 3535 580 3598 sibi
605 3533 726 3597 salarii.
758 3529 826 3615 ¹⁴⁸).

477 3641 687 3724 Josephus
734 3638 1019 3721 Langiewicz,
1062 3637 1298 3721 Philosophiae
1338 3638 1478 3713 Doctor‚
1518 3638 1707 3723 Analogiae

372 3747 458 3815 1739
484 3746 664 3812 Professor.
690 3747 791 3810 Anno
819 3744 903 3810 1740
924 3744 994 3825 jam
1021 3744 1259 3828 ert-professor,
1289 3746 1382 3811 1742.
1414 3746 1568 3811 Vicarius
1592 3746 1710 3812 Eccle-

373 3857 443 3919 siae
468 3854 549 3919 Coll.
574 3854 665 3918 Zam.
692 3853 856 3935 provisus.
893 3849 962 3933 ¹⁴⁰).

478 3960 659 4035 Solecki,
687 3959 875 4043 Analogiae
901 3956 1076 4021 Professor
1096 3959 1191 4035 1740,
1217 3958 1335 4021 missus
1361 3958 1402 4021 ad
1428 3959 1604 4023 Coloniam
1620 3958 1702 4044 Oly·

372 4091 510 4136 oensem
535 4068 657 4133 eodem
682 4088 782 4130 anuo.
814 4065 880 4148 ¹⁶).

476 4176 695 4260 Josephus
733 4173 1069 4248 Wierzbowski,
1112 4173 1409 4237 recommendatus
1443 4174 1485 4236 ab
1520 4174 1615 4238 lllmo
1651 4175 1710 4240 Pa·

371 4296 472 4348 trono
497 4283 539 4346 ad
565 4280 794 4356 Academiam,
821 4288 963 4343 vocatus
990 4280 1076 4345 1750
1101 4290 1135 4343 61
1160 4260 1331 4363 acceptus.
1380 4281 1446 4345 Sed
1481 4282 1551 4364 ipse
1585 4292 1702 4346 votum

369 4390 480 4454 statim
507 4390 646 4453 mutavit
670 4396 704 4450 et
728 4387 925 4451 vicariatum
950 4406 1055 4469 penes
1095 4388 1280 4451 Ecclesiam
1307 4388 1388 4453 Coll.
1425 4390 1578 4453 obtinuit.
1628 4391 1704 4454 Fuit

369 4506 489 4581 postea
514 4496 658 4560 Curatus
683 4493 715 4556 in
741 4494 871 4557 Batora.
912 4493 1106 4556 Canonieus
1129 4494 1373 4558 Zamoscensis
1423 4496 1513 4558 Obiit
1540 4497 1624 4562 1745
1649 4517 1706 4561 611·

369 4624 424 4668 110.
456 4601 523 4685 ¹⁶¹).

476 4707 763 4773 Balthazarus
802 4705 1035 4783 Dulewski,
1077 4706 1319 4790 Philosophiae,
1359 4716 1478 4791 postea
1502 4711 1532 4773 S.
1558 4709 1703 4775 Theolo-

367 4818 451 4902 giae,
475 4817 563 4900 Juris
589 4816 772 4898 Utriusque
800 4814 940 4877 Doctor.
967 4814 1118 4878 Vocatus
1142 4835 1185 4877 ex
1211 4816 1428 4879 Cracovieusi
1464 4817 1647 4881 Academia
1672 4818 1704 4881 iu
