3922 5386
390 289 433 359 34

390 518 442 559 me
468 494 674 579 persuadere
716 492 817 556 Vobis
857 501 949 556 certo
988 490 1127 558 debetis.
1177 494 1349 577 Stependii
1384 495 1496 560 Vestri
1522 517 1622 582 quem
1649 517 1723 559 esse

391 604 539 667 voluistis
574 611 607 664 et
642 601 777 663 modum
802 614 835 663 et
861 600 1094 664 certitudinem
1134 603 1308 667 habebitis.
1355 604 1502 666 Domum
1542 606 1641 691 igitur
1679 606 1725 665 in-

390 720 551 774 structam
590 720 623 770 et
661 708 881 771 accomodanr
931 708 1062 770 hlorum
1099 718 1133 770 et
1172 710 1281 792 legum
1322 709 1498 773 formulam
1534 732 1601 794 qua
1629 712 1724 775 Vitae

394 819 532 881 Vestrae
574 815 720 876 rationes
759 816 902 876 munitas
936 836 1010 875 esse
1047 825 1206 896 oportere
1243 816 1453 897 significastis
1479 819 1722 901 quamprimum

390 925 431 987 ml
458 945 510 986 me
537 921 687 985 reseretis
712 922 860 1002 pensatis
894 921 1077 983 rationibus
1103 922 1238 1004 politiae
1264 924 1407 984 civitatis
1432 924 1529 986 huius
1557 934 1590 986 ut
1618 934 1723 987 ratam

390 1042 422 1093 et
449 1031 575 1092 lirmam
603 1026 698 1088 vobis
723 1029 923 1090 constituam
951 1048 1018 1088 non
1043 1027 1148 1089 deero
1174 1039 1276 1110 atque
1300 1038 1333 1090 ut
1351 1029 1436 1091 illam
1463 1032 1569 1112 primo
1586 1052 1723 1115 quoque

390 1147 540 1220 tempore
580 1135 658 1197 mihi
694 1132 843 1196 offeratis
882 1134 991 1215 cupio,
1040 1133 1135 1196 Nunc
1174 1136 1239 1197 hoc
1276 1136 1364 1219 agite
1399 1146 1432 1198 ut
1459 1138 1605 1219 expediti
1647 1158 1721 1201 cum

390 1247 489 1307 rebus
532 1242 655 1306 Vestris
693 1242 762 1304 sitis
801 1252 834 1303 ut
863 1240 914 1303 ubi
955 1260 1015 1301 vos
1053 1240 1270 1322 appellavero
1310 1243 1472 1305 continuo
1511 1245 1722 1308 Zamoscium

390 1352 539 1415 veniatis.
575 1348 730 1414 Scholam
764 1348 870 1429 primo
904 1366 984 1407 vere
1011 1366 1070 1428 pro
1097 1345 1183 1408 sesto
1209 1346 1286 1409 Divi
1312 1348 1462 1432 Gregorii
1488 1350 1608 1431 aperiri
1634 1350 1720 1425 uolo,

389 1461 519 1523 interim
558 1458 662 1519 otium
700 1456 753 1517 hic
792 1455 885 1516 vobis
925 1454 985 1514 erit
1011 1452 1053 1516 de
1078 1453 1344 1535 praelectionum
1385 1454 1512 1532 ordine,
1552 1457 1594 1518 de
1620 1456 1722 1519 modo

389 1565 544 1641 docendi,
569 1563 612 1626 de
638 1562 781 1625 caeteris
806 1558 1032 1622 instituendae
1057 1560 1240 1622 iuventutis
1267 1561 1453 1624 rationibus
1478 1562 1667 1624 deliberare
1690 1574 1723 1624 et

390 1692 522 1735 mecum
562 1669 717 1733 conferre
756 1678 825 1729 tum
865 1665 945 1729 illud
981 1665 1117 1728 efficere
1146 1674 1179 1728 ut
1204 1686 1330 1729 novum
1357 1668 1423 1731 hoc
1448 1689 1534 1751 opus
1559 1689 1619 1750 pro
1646 1690 1722 1732 meo

388 1802 518 1864 proque
558 1779 677 1841 Vestro
716 1777 847 1837 honore
874 1795 948 1837 cum
975 1772 1136 1857 dignitate
1162 1776 1349 1837 inchoetur.
1401 1777 1492 1838 Bene
1520 1778 1634 1839 valere
1663 1796 1723 1838 ros

389 1888 498 1969 cupio.

706 1991 829 2054 Datum
863 1989 1040 2052 Zamoscio
1066 1989 1119 2051 die
1144 1998 1265 2071 quarta
1296 1991 1444 2052 octobris
1475 1992 1576 2053 Anno
1602 1990 1720 2055 XClll.

601 2100 641 2163 V.
660 2098 827 2161 amantiss:
852 2097 949 2179 joan.
965 2095 1148 2179 Zamoyshi
1173 2096 1358 2160 Cancellar.
1377 2109 1409 2159 et
1425 2098 1541 2179 gualis.
1559 2100 1638 2181 Cap.
1657 2118 1721 2183 mp.

706 2205 857 2286 Epistola
882 2202 997 2265 iisdem
1024 2204 1098 2266 alia.

706 2311 922 2376 Excellentes
947 2311 1080 2373 Domini
1106 2311 1214 2374 Amici
1239 2311 1440 2374 Charissimi.

494 2427 589 2491 htitto
614 2422 719 2485 Vobis
743 2419 1004 2500 descriptionem
1030 2417 1195 2481 redituum
1221 2419 1296 2502 pagi
1322 2439 1421 2501 quem
1451 2420 1573 2503 Hippio
1591 2422 1722 2485 Gimna·

388 2539 437 2600 sio
462 2535 590 2597 donare
629 2547 718 2592 nunc
750 2528 783 2589 in
818 2525 963 2587 animum
1003 2523 1128 2586 induxi.
1178 2526 1431 2607 Quamprimum
1469 2528 1626 2590 veneritis
1651 2529 1721 2591 eius

389 2641 555 2726 possessio
581 2637 686 2700 Vobis
711 2633 870 2697 tradetur.
920 2629 1002 2693 Inde
1027 2630 1193 2713 stipendia
1209 2630 1332 2693 Vestra
1349 2633 1540 2714 percipietis
1558 2633 1721 2718 reliquum

324 2785 331 2791 ·
389 2752 459 2813 aliis
487 2744 731 2813 Professoribus
757 2739 920 2823 pendetis
958 2737 1044 2800 Dedi
1071 2739 1158 2800 enim
1185 2739 1356 2822 negotium
1383 2740 1574 2803 Simonidae
1600 2742 1722 2805 Nostro

391 2868 426 2921 ut
451 2876 511 2939 pro
536 2849 707 2915 tradendis
746 2847 929 2921 elementis,
971 2855 1003 2906 et
1039 2845 1156 2929 puerili
1196 2847 1403 2909 institutione
1442 2847 1528 2911 duos
1566 2850 1618 2911 vel
1654 2861 1722 2913 tres

390 2964 625 3028 adolescentes
664 2957 832 3019 assciscat.
881 2953 1064 3017 Pensiones
1104 2973 1123 3013 a
1163 2953 1292 3016 colonis
1330 2955 1400 3015 eius
1435 2957 1510 3039 pagi
1546 2956 1721 3020 aMartini

389 3072 578 3153 exiguntur.
624 3065 805 3146 Postquam
847 3059 1005 3122 veneritis
1044 3070 1240 3142 praesentes
1273 3060 1337 3122 iam
1363 3062 1546 3143 reperietis:
1572 3065 1602 3127 Si
1629 3076 1721 3126 ante-

389 3199 488 3264 quam
524 3174 600 3239 inde
637 3171 801 3234 moveatis
836 3169 980 3250 pecunia
1005 3187 1090 3249 opus
1115 3168 1245 3229 habetis
1271 3189 1291 3230 a
1316 3190 1369 3231 me
1395 3168 1501 3231 Vobis
1528 3190 1721 3253 repraesen-

390 3289 511 3350 tabitur
536 3293 567 3345 et
594 3283 753 3344 mittetur.
801 3277 922 3341 Modus
958 3276 1173 3337 institutionis
1208 3285 1240 3337 et
1276 3274 1470 3358 disciplinae
1505 3278 1654 3342 aVobis
1679 3280 1721 3344 ad

390 3395 571 3458 amentum
607 3389 765 3451 Vestrum
800 3384 1012 3448 Zamoscinm
1048 3383 1168 3445 dilatus
1203 3393 1262 3445 est.
1311 3384 1511 3446 Donationis
1538 3406 1620 3450 vero
1646 3390 1720 3473 pagi

390 3501 533 3565 formula
557 3498 602 3559 ita
627 3492 865 3576 componenda
891 3500 940 3552 est
969 3498 1003 3552 ut
1029 3491 1053 3552 is
1074 3491 1105 3552 in
1132 3490 1218 3553 illam
1244 3492 1419 3565 inseratur,
1445 3493 1719 3577 quandorpridem

389 3613 421 3673 in
447 3632 489 3671 eo
513 3625 638 3690 genere
665 3610 860 3665 contractus
886 3618 1059 3660 versamur
1083 3596 1172 3681 (ruod
1197 3598 1432 3680 jurisconsulti
1459 3611 1593 3676 vocant,
1620 3602 1663 3664 do
1687 3614 1721 3665 ut

390 3717 501 3785 iacias,
540 3719 721 3794 propterea
746 3727 765 3769 a
790 3727 842 3768 me
868 3705 1000 3787 cmrcipi
1041 3725 1108 3766 non
1146 3705 1263 3786 potuit.
1312 3705 1458 3785 Quando
1491 3705 1721 3771 describemus

390 3822 533 3888 Scholae
574 3816 759 3885 formulam,
801 3813 1019 3875 donationem
1054 3812 1158 3893 ipsam
1194 3810 1338 3874 adacta
1370 3811 1503 3892 publica
1527 3813 1721 3894 profitebor.

390 3931 521 3996 Interim
555 3929 621 3990 hoc
654 3925 876 3986 instrumento
911 3918 1002 4003 quini
1035 3920 1129 3981 mitto
1163 3918 1267 3981 Vobis
1295 3915 1320 3995 ²)
1346 3938 1463 3982 caveo.
1512 3920 1634 3983 Postea
1658 3923 1723 3985 alia

389 4035 557 4122 possessio
591 4032 713 4114 aliique
745 4037 932 4111 proventus
965 4032 984 4087 a
1010 4048 1062 4089 me
1088 4025 1257 4089 addentur
1283 4037 1317 4088 ut
1343 4027 1491 4108 pluribus
1517 4028 1721 4093 Doctoribus

389 4153 542 4225 sumptus
567 4148 746 4222 suppetere
772 4136 952 4219 pluresque
978 4134 1140 4196 scientiae
1166 4133 1251 4196 tradi
1276 4135 1414 4215 possint.
1453 4135 1556 4216 Ipsius
1581 4134 1722 4200 aedificii

389 4271 465 4334 pars
499 4247 643 4310 maxime
678 4242 871 4307 necessaria
906 4240 975 4303 sere
1008 4250 1242 4303 consummata
1274 4249 1334 4303 est.
1383 4241 1524 4303 Constat
1550 4240 1723 4305 auditoriis

390 4359 538 4442 quinque
577 4353 677 4425 dicta,
718 4350 809 4415 cellis
847 4368 972 4412 novem
1008 4367 1051 4409 ex
1076 4349 1125 4410 his
1150 4348 1299 4432 quinque
1332 4349 1544 4455 hypocausta
1578 4358 1725 4432 quatuor

391 4463 541 4528 caminos
574 4459 758 4521 habebunt.
807 4457 921 4537 Opere
957 4455 1101 4518 tectorio
1136 4475 1196 4516 seu
1232 4454 1359 4517 albario
1394 4456 1540 4537 parietes
1574 4456 1724 4519 nondum

397 4567 537 4652 expoliri
573 4571 765 4646 potueruut,
792 4571 825 4622 et
851 4573 887 4623 ut
912 4560 1052 4623 luissent
1086 4560 1186 4623 calcis
1218 4561 1362 4624 recentis
1397 4560 1482 4624 odor
1506 4571 1540 4624 et
1563 4561 1668 4625 Vobis
1693 4572 1728 4626 et

389 4674 598 4740 auditoribus
637 4672 754 4734 vestris
788 4670 900 4754 gravis
932 4689 952 4730 a
976 4669 1140 4751 principio
1179 4667 1303 4732 luisset.
1353 4670 1468 4753 ltaque
1503 4669 1567 4733 alia
1601 4668 1720 4733 domus

389 4805 408 4848 a
433 4802 486 4846 me
512 4778 683 4844 conducta
716 4777 824 4839 estin
849 4796 916 4859 qua
942 4796 1001 4858 per
1025 4777 1181 4859 hyemem
1205 4777 1404 4839 habitabitis.
1453 4777 1497 4840 Ut
1522 4786 1600 4839 ante
1625 4777 1723 4862 signi·
